<?xml version="1.0" encoding="UTF-8"?>
<!DOCTYPE html PUBLIC "-//W3C//DTD XHTML 1.0 Transitional//EN"
    "http://www.w3.org/TR/xhtml1/DTD/xhtml1-transitional.dtd">
<html xmlns="http://www.w3.org/1999/xhtml" xml:lang="en" lang="en">
 <head>
  <title>
</title>
<meta http-equiv="Content-Type" content="text/html;charset=utf-8" />
  <meta name='ocr-system' content='tesseract 3.04.00' />
  <meta name='ocr-capabilities' content='ocr_page ocr_carea ocr_par ocr_line ocrx_word'/>
</head>
<body>
  <div class='ocr_page' id='page_1' title='image "./carminaselecta00catuuoft_0161.png"; bbox 0 0 1649 2454; ppageno 0'>
   <div class='ocr_carea' id='block_1_1' title="bbox 712 201 764 244">
    <p class='ocr_par' dir='ltr' id='par_1_1' title="bbox 712 201 764 244">
     <span class='ocr_line' id='line_1_1' title="bbox 712 201 764 244; baseline 0.019 -1"><span class='ocrx_word' id='word_1_1' title='bbox 712 201 764 244; x_wconf 89' lang='grc'>97</span> 
     </span>
    </p>
   </div>
   <div class='ocr_carea' id='block_1_2' title="bbox 1101 281 1333 320">
    <p class='ocr_par' dir='ltr' id='par_1_2' title="bbox 1101 281 1333 320">
     <span class='ocr_line' id='line_1_2' title="bbox 1101 281 1333 320; baseline 0.004 -10"><span class='ocrx_word' id='word_1_2' title='bbox 1101 292 1204 319; x_wconf 78' lang='lat' dir='ltr'>vam,</span> <span class='ocrx_word' id='word_1_3' title='bbox 1222 291 1298 320; x_wconf 89' lang='lat'>79-9</span> <span class='ocrx_word' id='word_1_4' title='bbox 1304 281 1333 311; x_wconf 86' lang='lat'>8.</span> 
     </span>
    </p>
   </div>
   <div class='ocr_carea' id='block_1_3' title="bbox 140 382 1338 1896">
    <p class='ocr_par' dir='ltr' id='par_1_3' title="bbox 143 382 1107 511">
     <span class='ocr_line' id='line_1_3' title="bbox 143 382 1107 440; baseline -0.001 -17"><span class='ocrx_word' id='word_1_5' title='bbox 143 384 283 440; x_wconf 86' lang='lat' dir='ltr'>Qam</span> <span class='ocrx_word' id='word_1_6' title='bbox 307 383 441 423; x_wconf 88' lang='lat' dir='ltr'>ieiuna</span> <span class='ocrx_word' id='word_1_7' title='bbox 463 383 574 436; x_wconf 89' lang='lat' dir='ltr'>pium</span> <span class='ocrx_word' id='word_1_8' title='bbox 599 382 794 422; x_wconf 85' lang='lat' dir='ltr'>desideret</span> <span class='ocrx_word' id='word_1_9' title='bbox 817 397 884 423; x_wconf 85' lang='lat' dir='ltr'>ara</span> <span class='ocrx_word' id='word_1_10' title='bbox 906 396 1107 435; x_wconf 88' lang='lat' dir='ltr'>cruorem,</span> 
     </span>
     <span class='ocr_line' id='line_1_4' title="bbox 202 458 957 511; baseline -0.003 -11"><span class='ocrx_word' id='word_1_11' title='bbox 202 458 341 500; x_wconf 90' lang='lat' dir='ltr'>Docta</span> <span class='ocrx_word' id='word_1_12' title='bbox 362 469 420 500; x_wconf 86' lang='lat' dir='ltr'>est</span> <span class='ocrx_word' id='word_1_13' title='bbox 442 460 588 500; x_wconf 85' lang='lat' dir='ltr'>amisso</span> <span class='ocrx_word' id='word_1_14' title='bbox 611 458 837 499; x_wconf 85' lang='lat' dir='ltr'>Laudamia</span> <span class='ocrx_word' id='word_1_15' title='bbox 858 459 957 511; x_wconf 89' lang='lat' dir='ltr'>viro,</span> 
     </span>
    </p>

    <p class='ocr_par' dir='ltr' id='par_1_4' title="bbox 141 535 1254 670">
     <span class='ocr_line' id='line_1_5' title="bbox 141 535 1146 591; baseline -0.002 -14"><span class='ocrx_word' id='word_1_16' title='bbox 141 535 340 591; x_wconf 85' lang='lat' dir='ltr'>Coniugis</span> <span class='ocrx_word' id='word_1_17' title='bbox 362 546 456 577; x_wconf 88' lang='lat' dir='ltr'>ante</span> <span class='ocrx_word' id='word_1_18' title='bbox 477 546 616 576; x_wconf 87' lang='lat' dir='ltr'>coacta</span> <span class='ocrx_word' id='word_1_19' title='bbox 638 537 731 576; x_wconf 87' lang='lat' dir='ltr'>novi</span> <span class='ocrx_word' id='word_1_20' title='bbox 755 536 958 576; x_wconf 83' lang='lat' dir='ltr'>dimittere</span> <span class='ocrx_word' id='word_1_21' title='bbox 980 535 1146 587; x_wconf 93' lang='lat' dir='ltr'>collum,</span> 
     </span>
     <span class='ocr_line' id='line_1_6' title="bbox 203 612 1254 670; baseline -0.002 -17"><span class='ocrx_word' id='word_1_22' title='bbox 203 615 343 670; x_wconf 84' lang='lat' dir='ltr'>Qam</span> <span class='ocrx_word' id='word_1_23' title='bbox 366 614 531 653; x_wconf 86' lang='lat' dir='ltr'>veniens</span> <span class='ocrx_word' id='word_1_24' title='bbox 553 627 634 653; x_wconf 88' lang='lat' dir='ltr'>una</span> <span class='ocrx_word' id='word_1_25' title='bbox 655 623 776 666; x_wconf 85' lang='lat' dir='ltr'>atque</span> <span class='ocrx_word' id='word_1_26' title='bbox 798 612 921 653; x_wconf 90' lang='lat' dir='ltr'>altera</span> <span class='ocrx_word' id='word_1_27' title='bbox 944 627 1076 652; x_wconf 86' lang='lat' dir='ltr'>rursus</span> <span class='ocrx_word' id='word_1_28' title='bbox 1099 613 1254 665; x_wconf 83' lang='lat' dir='ltr'>hiemps</span> 
     </span>
    </p>

    <p class='ocr_par' dir='ltr' id='par_1_5' title="bbox 143 689 1196 820">
     <span class='ocr_line' id='line_1_7' title="bbox 143 689 1196 743; baseline -0.001 -14"><span class='ocrx_word' id='word_1_29' title='bbox 143 690 344 730; x_wconf 89' lang='lat' dir='ltr'>Noctibus</span> <span class='ocrx_word' id='word_1_30' title='bbox 367 690 407 729; x_wconf 90' lang='lat' dir='ltr'>in</span> <span class='ocrx_word' id='word_1_31' title='bbox 431 689 561 743; x_wconf 87' lang='lat' dir='ltr'>longis</span> <span class='ocrx_word' id='word_1_32' title='bbox 582 689 745 729; x_wconf 92' lang='lat' dir='ltr'>avidum</span> <span class='ocrx_word' id='word_1_33' title='bbox 768 700 977 730; x_wconf 89' lang='lat' dir='ltr'>saturasset</span> <span class='ocrx_word' id='word_1_34' title='bbox 999 704 1196 741; x_wconf 88' lang='lat' dir='ltr'>amorem,</span> 
     </span>
     <span class='ocr_line' id='line_1_8' title="bbox 203 766 979 820; baseline 0 -14"><span class='ocrx_word' id='word_1_35' title='bbox 203 766 338 807; x_wconf 85' lang='lat' dir='ltr'>Posset</span> <span class='ocrx_word' id='word_1_36' title='bbox 361 777 405 806; x_wconf 90' lang='lat' dir='ltr'>ut</span> <span class='ocrx_word' id='word_1_37' title='bbox 427 767 598 819; x_wconf 87' lang='lat' dir='ltr'>abrupto</span> <span class='ocrx_word' id='word_1_38' title='bbox 620 767 751 806; x_wconf 89' lang='lat' dir='ltr'>vivere</span> <span class='ocrx_word' id='word_1_39' title='bbox 774 767 979 820; x_wconf 84' lang='lat' dir='ltr'>coniugio,</span> 
     </span>
    </p>

    <p class='ocr_par' dir='ltr' id='par_1_6' title="bbox 142 843 1243 961">
     <span class='ocr_line' id='line_1_9' title="bbox 142 843 1243 900; baseline 0 -17"><span class='ocrx_word' id='word_1_40' title='bbox 142 843 267 900; x_wconf 85' lang='lat' dir='ltr'>Qod</span> <span class='ocrx_word' id='word_1_41' title='bbox 290 844 445 884; x_wconf 88' lang='lat' dir='ltr'>scibant</span> <span class='ocrx_word' id='word_1_42' title='bbox 470 843 616 884; x_wconf 89' lang='lat' dir='ltr'>Parcae</span> <span class='ocrx_word' id='word_1_43' title='bbox 641 858 722 884; x_wconf 89' lang='lat' dir='ltr'>non</span> <span class='ocrx_word' id='word_1_44' title='bbox 747 843 869 898; x_wconf 85' lang='lat' dir='ltr'>longo</span> <span class='ocrx_word' id='word_1_45' title='bbox 892 854 1075 897; x_wconf 91' lang='lat' dir='ltr'>tempore</span> <span class='ocrx_word' id='word_1_46' title='bbox 1096 844 1243 896; x_wconf 86' lang='lat' dir='ltr'>abesse,</span> 
     </span>
     <span class='ocr_line' id='line_1_10' title="bbox 202 919 911 961; baseline 0 0"><span class='ocrx_word' id='word_1_47' title='bbox 202 920 240 961; x_wconf 91' lang='lat' dir='ltr'>Si</span> <span class='ocrx_word' id='word_1_48' title='bbox 264 919 378 960; x_wconf 90' lang='lat' dir='ltr'>miles</span> <span class='ocrx_word' id='word_1_49' title='bbox 401 934 537 960; x_wconf 86' lang='lat' dir='ltr'>muros</span> <span class='ocrx_word' id='word_1_50' title='bbox 560 921 650 960; x_wconf 86' lang='lat' dir='ltr'>isset</span> <span class='ocrx_word' id='word_1_51' title='bbox 672 920 720 960; x_wconf 86' lang='lat' dir='ltr'>ad</span> <span class='ocrx_word' id='word_1_52' title='bbox 744 919 911 961; x_wconf 88' lang='lat' dir='ltr'>Iliacos:</span> 
     </span>
    </p>

    <p class='ocr_par' dir='ltr' id='par_1_7' title="bbox 142 996 1197 1126">
     <span class='ocr_line' id='line_1_11' title="bbox 142 996 1197 1050; baseline -0.001 -13"><span class='ocrx_word' id='word_1_53' title='bbox 142 997 253 1037; x_wconf 91' lang='lat' dir='ltr'>Nam</span> <span class='ocrx_word' id='word_1_54' title='bbox 276 1006 365 1037; x_wconf 88' lang='lat' dir='ltr'>tum</span> <span class='ocrx_word' id='word_1_55' title='bbox 390 996 572 1037; x_wconf 89' lang='lat' dir='ltr'>Helenae</span> <span class='ocrx_word' id='word_1_56' title='bbox 596 1007 710 1050; x_wconf 87' lang='lat' dir='ltr'>raptu</span> <span class='ocrx_word' id='word_1_57' title='bbox 734 998 926 1049; x_wconf 86' lang='lat' dir='ltr'>primores</span> <span class='ocrx_word' id='word_1_58' title='bbox 948 997 1197 1050; x_wconf 88' lang='lat' dir='ltr'>Argivorum</span> 
     </span>
     <span class='ocr_line' id='line_1_12' title="bbox 202 1073 1000 1126; baseline -0.001 -12"><span class='ocrx_word' id='word_1_59' title='bbox 202 1073 403 1126; x_wconf 87' lang='lat' dir='ltr'>Coeperat</span> <span class='ocrx_word' id='word_1_60' title='bbox 425 1074 473 1113; x_wconf 92' lang='lat' dir='ltr'>ad</span> <span class='ocrx_word' id='word_1_61' title='bbox 496 1087 577 1113; x_wconf 84' lang='lat' dir='ltr'>sese</span> <span class='ocrx_word' id='word_1_62' title='bbox 602 1073 734 1113; x_wconf 88' lang='lat' dir='ltr'>Troia</span> <span class='ocrx_word' id='word_1_63' title='bbox 756 1075 860 1113; x_wconf 88' lang='lat' dir='ltr'>ciere</span> <span class='ocrx_word' id='word_1_64' title='bbox 882 1075 1000 1126; x_wconf 86' lang='lat' dir='ltr'>viros,</span> 
     </span>
    </p>

    <p class='ocr_par' dir='ltr' id='par_1_8' title="bbox 140 1149 1338 1279">
     <span class='ocr_line' id='line_1_13' title="bbox 140 1149 1338 1204; baseline -0.001 -14"><span class='ocrx_word' id='word_1_65' title='bbox 140 1150 284 1202; x_wconf 90' lang='lat' dir='ltr'>Troia,</span> <span class='ocrx_word' id='word_1_66' title='bbox 301 1151 424 1203; x_wconf 87' lang='lat' dir='ltr'>nefas,</span> <span class='ocrx_word' id='word_1_67' title='bbox 440 1165 661 1191; x_wconf 89' lang='lat' dir='ltr'>commune</span> <span class='ocrx_word' id='word_1_68' title='bbox 675 1150 904 1203; x_wconf 88' lang='lat' dir='ltr'>sepulcrum</span> <span class='ocrx_word' id='word_1_69' title='bbox 920 1151 1041 1190; x_wconf 88' lang='lat' dir='ltr'>Asiae</span> <span class='ocrx_word' id='word_1_70' title='bbox 1056 1149 1338 1204; x_wconf 85' lang='lat' dir='ltr'>Europaeque,</span> 
     </span>
     <span class='ocr_line' id='line_1_14' title="bbox 201 1226 1284 1279; baseline 0 -12"><span class='ocrx_word' id='word_1_71' title='bbox 201 1226 333 1267; x_wconf 91' lang='lat' dir='ltr'>Troia</span> <span class='ocrx_word' id='word_1_72' title='bbox 354 1228 487 1267; x_wconf 90' lang='lat' dir='ltr'>virum</span> <span class='ocrx_word' id='word_1_73' title='bbox 510 1238 550 1267; x_wconf 92' lang='lat' dir='ltr'>et</span> <span class='ocrx_word' id='word_1_74' title='bbox 572 1228 771 1267; x_wconf 89' lang='lat' dir='ltr'>virtutum</span> <span class='ocrx_word' id='word_1_75' title='bbox 794 1228 982 1267; x_wconf 90' lang='lat' dir='ltr'>omnium</span> <span class='ocrx_word' id='word_1_76' title='bbox 1005 1228 1148 1267; x_wconf 89' lang='lat' dir='ltr'>acerba</span> <span class='ocrx_word' id='word_1_77' title='bbox 1169 1227 1284 1279; x_wconf 86' lang='lat' dir='ltr'>cinis,</span> 
     </span>
    </p>

    <p class='ocr_par' dir='ltr' id='par_1_9' title="bbox 142 1304 1197 1434">
     <span class='ocr_line' id='line_1_15' title="bbox 142 1304 1197 1361; baseline 0 -17"><span class='ocrx_word' id='word_1_78' title='bbox 142 1305 342 1361; x_wconf 85' lang='lat' dir='ltr'>Qaeque</span> <span class='ocrx_word' id='word_1_79' title='bbox 366 1304 505 1344; x_wconf 90' lang='lat' dir='ltr'>itidem</span> <span class='ocrx_word' id='word_1_80' title='bbox 529 1315 666 1344; x_wconf 86' lang='lat' dir='ltr'>nostro</span> <span class='ocrx_word' id='word_1_81' title='bbox 689 1304 817 1344; x_wconf 88' lang='lat' dir='ltr'>letum</span> <span class='ocrx_word' id='word_1_82' title='bbox 840 1304 1064 1344; x_wconf 86' lang='lat' dir='ltr'>miserabile</span> <span class='ocrx_word' id='word_1_83' title='bbox 1088 1305 1197 1344; x_wconf 90' lang='lat' dir='ltr'>fratri</span> 
     </span>
     <span class='ocr_line' id='line_1_16' title="bbox 202 1380 1136 1434; baseline 0 -13"><span class='ocrx_word' id='word_1_84' title='bbox 202 1380 370 1421; x_wconf 91' lang='lat' dir='ltr'>Attulit.</span> <span class='ocrx_word' id='word_1_85' title='bbox 426 1380 475 1421; x_wconf 87' lang='lat' dir='ltr'>Ei</span> <span class='ocrx_word' id='word_1_86' title='bbox 501 1382 645 1421; x_wconf 86' lang='lat' dir='ltr'>misero</span> <span class='ocrx_word' id='word_1_87' title='bbox 669 1382 789 1421; x_wconf 90' lang='lat' dir='ltr'>frater</span> <span class='ocrx_word' id='word_1_88' title='bbox 811 1382 998 1434; x_wconf 88' lang='lat' dir='ltr'>adempte</span> <span class='ocrx_word' id='word_1_89' title='bbox 1020 1382 1136 1433; x_wconf 86' lang='lat' dir='ltr'>mihi,</span> 
     </span>
    </p>

    <p class='ocr_par' dir='ltr' id='par_1_10' title="bbox 141 1457 1179 1587">
     <span class='ocr_line' id='line_1_17' title="bbox 141 1457 1179 1511; baseline -0.001 -13"><span class='ocrx_word' id='word_1_90' title='bbox 141 1457 191 1499; x_wconf 88' lang='lat' dir='ltr'>Ei</span> <span class='ocrx_word' id='word_1_91' title='bbox 216 1459 360 1498; x_wconf 88' lang='lat' dir='ltr'>misero</span> <span class='ocrx_word' id='word_1_92' title='bbox 383 1457 491 1497; x_wconf 89' lang='lat' dir='ltr'>fratri</span> <span class='ocrx_word' id='word_1_93' title='bbox 516 1458 741 1498; x_wconf 88' lang='lat' dir='ltr'>iucundum</span> <span class='ocrx_word' id='word_1_94' title='bbox 765 1457 905 1497; x_wconf 87' lang='lat' dir='ltr'>lumen</span> <span class='ocrx_word' id='word_1_95' title='bbox 927 1458 1179 1511; x_wconf 89' lang='lat' dir='ltr'>ademptum,</span> 
     </span>
     <span class='ocr_line' id='line_1_18' title="bbox 201 1534 1171 1587; baseline 0 -13"><span class='ocrx_word' id='word_1_96' title='bbox 201 1535 368 1575; x_wconf 90' lang='lat' dir='ltr'>Tecum</span> <span class='ocrx_word' id='word_1_97' title='bbox 391 1549 473 1574; x_wconf 89' lang='lat' dir='ltr'>una</span> <span class='ocrx_word' id='word_1_98' title='bbox 494 1545 579 1575; x_wconf 87' lang='lat' dir='ltr'>tota</span> <span class='ocrx_word' id='word_1_99' title='bbox 601 1545 659 1575; x_wconf 88' lang='lat' dir='ltr'>est</span> <span class='ocrx_word' id='word_1_100' title='bbox 682 1545 817 1574; x_wconf 86' lang='lat' dir='ltr'>nostra</span> <span class='ocrx_word' id='word_1_101' title='bbox 837 1534 992 1587; x_wconf 87' lang='lat' dir='ltr'>sepulta</span> <span class='ocrx_word' id='word_1_102' title='bbox 1014 1535 1171 1587; x_wconf 85' lang='lat' dir='ltr'>domus,</span> 
     </span>
    </p>

    <p class='ocr_par' dir='ltr' id='par_1_11' title="bbox 142 1611 1128 1745">
     <span class='ocr_line' id='line_1_19' title="bbox 142 1611 1128 1666; baseline 0 -13"><span class='ocrx_word' id='word_1_103' title='bbox 142 1611 301 1654; x_wconf 89' lang='lat' dir='ltr'>Omnia</span> <span class='ocrx_word' id='word_1_104' title='bbox 322 1622 460 1652; x_wconf 89' lang='lat' dir='ltr'>tecum</span> <span class='ocrx_word' id='word_1_105' title='bbox 482 1626 565 1651; x_wconf 91' lang='lat' dir='ltr'>una</span> <span class='ocrx_word' id='word_1_106' title='bbox 587 1613 790 1664; x_wconf 88' lang='lat' dir='ltr'>perierunt</span> <span class='ocrx_word' id='word_1_107' title='bbox 813 1613 958 1666; x_wconf 87' lang='lat' dir='ltr'>gaudia</span> <span class='ocrx_word' id='word_1_108' title='bbox 979 1624 1128 1666; x_wconf 89' lang='lat' dir='ltr'>nostra,</span> 
     </span>
     <span class='ocr_line' id='line_1_20' title="bbox 203 1688 1055 1745; baseline 0.002 -18"><span class='ocrx_word' id='word_1_109' title='bbox 203 1689 323 1745; x_wconf 82' lang='lat' dir='ltr'>Qae</span> <span class='ocrx_word' id='word_1_110' title='bbox 345 1699 438 1728; x_wconf 88' lang='lat' dir='ltr'>tuus</span> <span class='ocrx_word' id='word_1_111' title='bbox 461 1689 502 1728; x_wconf 92' lang='lat' dir='ltr'>in</span> <span class='ocrx_word' id='word_1_112' title='bbox 525 1689 608 1728; x_wconf 88' lang='lat' dir='ltr'>vita</span> <span class='ocrx_word' id='word_1_113' title='bbox 628 1688 755 1728; x_wconf 89' lang='lat' dir='ltr'>dulcis</span> <span class='ocrx_word' id='word_1_114' title='bbox 777 1688 907 1729; x_wconf 87' lang='lat' dir='ltr'>alebat</span> <span class='ocrx_word' id='word_1_115' title='bbox 928 1703 1055 1730; x_wconf 90' lang='lat' dir='ltr'>amor.</span> 
     </span>
    </p>

    <p class='ocr_par' dir='ltr' id='par_1_12' title="bbox 142 1764 1225 1896">
     <span class='ocr_line' id='line_1_21' title="bbox 142 1764 1225 1822; baseline 0.002 -18"><span class='ocrx_word' id='word_1_116' title='bbox 142 1766 284 1822; x_wconf 85' lang='lat' dir='ltr'>Qem</span> <span class='ocrx_word' id='word_1_117' title='bbox 306 1779 418 1805; x_wconf 87' lang='lat' dir='ltr'>nunc</span> <span class='ocrx_word' id='word_1_118' title='bbox 441 1775 524 1804; x_wconf 90' lang='lat' dir='ltr'>tam</span> <span class='ocrx_word' id='word_1_119' title='bbox 548 1764 668 1819; x_wconf 88' lang='lat' dir='ltr'>longe</span> <span class='ocrx_word' id='word_1_120' title='bbox 692 1780 774 1805; x_wconf 91' lang='lat' dir='ltr'>non</span> <span class='ocrx_word' id='word_1_121' title='bbox 799 1766 903 1805; x_wconf 90' lang='lat' dir='ltr'>inter</span> <span class='ocrx_word' id='word_1_122' title='bbox 926 1776 1024 1806; x_wconf 90' lang='lat' dir='ltr'>nota</span> <span class='ocrx_word' id='word_1_123' title='bbox 1044 1765 1225 1819; x_wconf 88' lang='lat' dir='ltr'>sepulcra</span> 
     </span>
     <span class='ocr_line' id='line_1_22' title="bbox 202 1841 1123 1896; baseline 0.001 -15"><span class='ocrx_word' id='word_1_124' title='bbox 202 1841 293 1881; x_wconf 94' lang='lat' dir='ltr'>Nec</span> <span class='ocrx_word' id='word_1_125' title='bbox 317 1856 438 1895; x_wconf 91' lang='lat' dir='ltr'>prope</span> <span class='ocrx_word' id='word_1_126' title='bbox 460 1851 654 1896; x_wconf 88' lang='lat' dir='ltr'>cognatos</span> <span class='ocrx_word' id='word_1_127' title='bbox 675 1843 934 1895; x_wconf 88' lang='lat' dir='ltr'>conpositum</span> <span class='ocrx_word' id='word_1_128' title='bbox 956 1843 1123 1895; x_wconf 89' lang='lat' dir='ltr'>cineres,</span> 
     </span>
    </p>
   </div>
  </div>
 </body>
</html>
