1649 2454
754 168 807 221 85

1106 263 1184 290 mv,
1203 253 1355 292 389-409.

211 332 366 373 Annua
387 346 482 372 cum
506 332 614 372 festis
635 332 838 372 venissent
860 346 969 372 sacra
991 331 1143 384 diebus,

210 408 435 462 Conspexit
457 419 562 449 terra
583 419 752 449 centum
777 409 1042 461 procumbere
1064 419 1211 449 tauros.

210 485 332 539 Saepe
354 500 478 540 vagus
500 485 624 526 Liber
647 484 806 527 Parnasi
831 486 981 525 vertice
1003 499 1166 525 summo

211 562 409 619 Thyadas
431 560 563 602 effusis
585 563 781 603 cubantes
803 563 981 602 crinibus
1003 563 1100 616 egit,

212 639 324 681 Cum
348 639 503 693 Delphi
528 650 614 680 tota
635 640 821 680 certatim
844 654 893 680 ex
916 640 1015 680 urbe
1038 649 1199 680 ruentes

212 718 459 770 Acciperent
482 716 573 757 laeti
599 717 735 757 divom
760 716 1010 756 fumantibus
1031 717 1119 756 aris.

212 793 334 846 Saepe
358 794 398 833 in
423 793 579 833 letifero
603 793 694 834 belli
718 794 940 834 certamine
965 792 1133 834 Mavors

210 871 299 911 Aut
322 871 445 924 rapidi
469 870 659 911 Tritonis
681 885 747 911 era
769 881 838 911 aut
864 870 1118 911 Rhamnusia
1139 870 1253 924 virgo

212 949 401 988 Armatas
424 949 641 988 hominum
664 958 721 988 est
745 962 927 1001 praesens
951 948 1109 988 hortata
1130 958 1319 987 catervas.

212 1025 287 1066 Sed
312 1036 522 1078 postquam
546 1024 664 1064 tellus
686 1024 833 1065 scelere
856 1035 914 1064 est
939 1024 1096 1064 imbuta
1118 1024 1308 1076 nefando,

213 1101 495 1156 Iustitiamque
517 1116 659 1142 omnes
681 1102 827 1155 cupida
848 1102 897 1142 de
920 1112 1059 1142 mente
1082 1102 1290 1156 fugarunt,

214 1179 429 1221 Perfudere
452 1193 596 1219 manus
619 1179 795 1219 fraterno
817 1180 1013 1233 sanguine
1037 1179 1190 1232 fratres,

214 1256 386 1298 Destitit
409 1258 611 1297 extinctos
633 1268 751 1297 natus
773 1256 911 1311 lugere
933 1266 1131 1309 parentes,

215 1334 388 1387 Optavit
411 1335 570 1388 genitor
594 1335 786 1387 primaevi
811 1334 953 1374 funera
975 1335 1074 1386 nati,

216 1410 338 1452 Liber
360 1421 406 1451 ut
429 1412 624 1464 innuptae
647 1422 852 1464 poteretur
874 1411 969 1451 flore
993 1425 1202 1463 novercae,

214 1487 363 1542 Ignaro
385 1498 514 1528 mater
535 1488 792 1528 substernens
813 1502 854 1528 se
878 1488 987 1540 inpia
1009 1498 1106 1528 nato

215 1564 331 1618 Inpia
353 1579 436 1605 non
462 1565 587 1605 verita
609 1575 666 1605 est
690 1564 801 1604 divos
822 1564 1012 1605 scelerare
1036 1574 1245 1617 parentes:

216 1639 377 1684 Omnia
398 1641 518 1682 fanda
540 1641 713 1682 nefanda
735 1640 842 1682 malo
865 1642 1066 1694 permixta
1088 1642 1222 1682 furore

216 1717 438 1760 Iustificam
462 1719 576 1759 nobis
598 1729 781 1759 mentem
803 1728 982 1759 avertere
1005 1719 1189 1760 deorum.

217 1797 358 1853 Qare
381 1810 457 1836 nec
480 1795 567 1836 talis
590 1796 809 1850 dignantur
832 1796 957 1836 visere
980 1806 1134 1848 coetus,

218 1873 309 1914 Nec
331 1887 371 1913 se
393 1873 576 1927 contingi
602 1873 810 1926 patiuntur
831 1871 988 1914 lumine
1010 1872 1132 1913 claro.
