1649 2454
737 237 790 292 67

1107 341 1184 368 Lxxv,
1200 339 1313 369 40-59.

194 435 292 475 Non
317 433 480 474 humilis
502 434 633 474 curvis
655 443 848 486 purgatur
871 433 991 473 vinea
1014 433 1158 486 rastris,

194 512 291 552 Non
315 511 498 565 glaebam
522 525 649 563 prono
671 509 863 550 convellit
886 524 1049 550 vomere
1072 520 1223 563 taurus,

193 589 290 629 Non
315 587 395 628 falx
418 598 602 628 attenuat
626 587 905 628 frondatorum
928 588 1077 627 arboris
1099 588 1301 640 umbram,

191 665 377 719 Squalida
398 665 560 705 desertis
582 665 723 718 rubigo
747 665 917 705 infertur
938 665 1088 705 aratris.

190 741 317 795 Ipsius
338 752 379 782 at
401 742 525 794 sedes,
548 756 806 796 quacumque
828 740 1022 795 opulenta
1044 743 1202 782 recessit

192 818 333 872 Regia,
358 818 528 872 fulgenti
552 818 765 871 splendent
787 833 884 859 auro
905 829 1027 872 atque
1049 830 1230 873 argento.

191 895 352 937 Candet
374 896 472 936 ebur
493 895 611 947 soliis,
635 895 840 936 collucent
864 895 1008 948 pocula
1030 910 1204 948 mensae,

190 973 305 1013 Tota
327 972 470 1013 domus
491 972 637 1026 gaudet
660 972 779 1026 regali
803 972 1009 1025 splendida
1031 987 1143 1027 gaza.

190 1049 381 1091 Pulvinar
403 1064 496 1089 vero
519 1049 633 1089 divae
655 1049 811 1103 geniale
834 1049 989 1090 locatur

188 1126 353 1168 Sedibus
376 1127 416 1166 in
441 1126 593 1178 mediis,
617 1125 722 1166 Indo
743 1126 850 1180 quod
875 1126 996 1167 dente
1019 1126 1191 1179 politum

189 1202 347 1244 Tincta
368 1204 468 1257 tegit
491 1217 603 1243 roseo
625 1202 814 1258 conchyli
839 1217 1013 1256 purpura
1036 1203 1142 1243 fuco.

250 1280 364 1320 Haec
386 1280 504 1320 vestis
527 1280 662 1332 priscis
684 1280 900 1320 hominum
925 1281 1075 1320 variata
1096 1278 1234 1334 figuris

190 1356 375 1397 Heroum
399 1357 499 1395 mira
521 1356 688 1396 virtutes
711 1355 862 1396 indicat
883 1366 981 1397 arte.

187 1434 379 1487 Namque
402 1433 645 1473 fluentisono
668 1443 922 1486 prospectans
945 1433 1060 1473 litore
1083 1432 1190 1474 Diae

185 1510 349 1551 Thesea
371 1510 584 1550 cedentem
606 1510 724 1550 celeri
748 1524 844 1551 cum
867 1510 989 1550 classe
1012 1521 1150 1551 tuetur

186 1587 412 1629 Indomitos
435 1588 475 1627 in
499 1587 619 1628 corde
641 1602 782 1641 gerens
804 1588 986 1628 Ariadna
1008 1588 1174 1641 furores,

187 1665 377 1705 Necdum
401 1666 522 1705 etiam
545 1679 627 1705 sese
650 1680 753 1719 quae
775 1666 865 1705 visit
887 1666 1011 1705 visere
1034 1665 1174 1715 credit,

186 1742 245 1782 Vt
269 1752 361 1795 pote
383 1741 511 1781 fallaci
535 1756 638 1795 quae
661 1752 750 1782 tum
775 1742 952 1795 primum
970 1743 1104 1782 excita
1125 1757 1270 1783 somno

189 1818 403 1860 Desertam
427 1819 467 1858 in
490 1818 572 1859 sola
594 1819 780 1859 miseram
803 1833 842 1859 se
865 1829 1004 1860 cernat
1027 1820 1190 1860 harena.

184 1895 407 1936 Immemor
428 1906 469 1935 at
492 1896 646 1936 iuvenis
668 1896 826 1950 fugiens
849 1896 959 1949 pellit
982 1896 1081 1937 vada
1104 1897 1236 1950 remis,
