1649 2454
867 210 921 253 72

301 301 378 328 ικιν,
400 299 551 330 140-159.

294 395 354 434 At
378 409 461 434 non
485 395 583 435 haec
606 395 812 449 quondam
838 394 983 435 blanda
1006 397 1197 448 promissa
1219 397 1359 438 dedisti

297 471 412 512 Voce
436 473 550 524 mihi,
574 487 657 512 non
681 473 780 512 haec
804 473 946 512 misera
968 487 1122 525 sperare
1146 474 1320 526 iubebas,

293 549 368 590 Sed
393 549 568 589 conubia
590 548 705 601 laeta,
729 549 795 589 sed
820 559 977 602 optatos
1000 551 1271 604 hymenaeos:

295 626 414 681 Qae
437 635 586 665 cuncta
607 626 701 664 aerii
727 625 958 678 discerpunt
982 626 1091 665 irrita
1113 627 1237 666 venti.

294 701 413 742 Tum
438 703 517 741 iam
542 701 652 741 nulla
675 702 760 741 viro
784 702 930 742 iuranti
956 702 1108 742 femina
1130 703 1278 755 credat,

295 778 422 819 Nulla
444 779 515 818 viri
540 788 671 831 speret
693 792 897 818 sermones
919 793 1000 819 esse
1023 777 1185 830 fideles;

295 856 401 911 Qis
423 856 521 895 dum
543 855 692 908 aliquid
717 856 884 908 cupiens
906 856 1066 896 animus
1090 857 1303 910 praegestit
1325 858 1459 910 apisci,

294 932 366 972 Nil
390 942 582 972 metuunt
606 933 747 984 iurare,
772 932 874 972 nihil
899 934 1133 985 promittere
1158 943 1352 986 parcunt:

293 1010 367 1051 Sed
391 1009 511 1050 simul
533 1024 580 1050 ac
603 1010 772 1062 cupidae
795 1011 944 1050 mentis
966 1011 1107 1050 satiata
1129 1010 1253 1051 libido
1275 1021 1346 1063 est,

293 1086 420 1128 Dicta
442 1087 543 1126 nihil
567 1098 763 1139 metuere,
788 1086 890 1126 nihil
916 1088 1088 1139 periuria
1110 1097 1267 1127 curant.

292 1163 417 1204 Certe
441 1177 516 1217 ego
539 1174 579 1203 te
603 1164 643 1203 in
668 1164 803 1203 medio
825 1174 1054 1204 versantem
1078 1164 1239 1204 turbine
1262 1164 1330 1204 leti

293 1239 451 1293 Eripui,
475 1250 515 1280 et
539 1241 671 1293 potius
693 1255 935 1294 germanum
958 1241 1145 1280 amittere
1167 1241 1287 1293 crevi,

295 1319 436 1375 Qam
460 1318 531 1358 tibi
557 1317 685 1357 fallaci
710 1332 898 1370 supremo
921 1318 961 1357 in
986 1328 1168 1370 tempore
1191 1317 1381 1358 deessem.

293 1394 371 1436 Pro
393 1410 475 1449 quo
497 1394 750 1435 dilaceranda
773 1396 864 1435 feris
887 1395 1010 1435 dabor
1031 1395 1272 1449 alitibusque

293 1471 457 1524 Praeda,
482 1487 615 1525 neque
638 1473 787 1512 iniecta
809 1472 1042 1512 tumulabor
1065 1483 1225 1512 mortua
1248 1483 1363 1512 terra.

295 1551 515 1606 Qaenam
539 1559 579 1589 te
601 1550 744 1602 genuit
766 1549 849 1589 sola
870 1550 943 1589 sub
968 1564 1064 1602 rupe
1087 1548 1251 1589 leaena?

294 1625 420 1682 Qod
445 1640 554 1665 mare
578 1636 823 1678 conceptum
846 1626 1128 1678 spumantibus
1150 1626 1290 1678 expuit
1314 1625 1457 1665 undis?

294 1705 414 1760 Qae
429 1702 568 1757 Syrtis,
585 1717 688 1755 quae
706 1702 838 1757 Scylla
856 1717 989 1755 rapax,
1005 1717 1107 1756 quae
1125 1714 1233 1742 vasta
1250 1702 1491 1758 Charybdis,

292 1779 417 1820 Talia
438 1780 506 1832 qui
530 1779 659 1819 reddis
682 1794 753 1832 pro
776 1779 881 1819 dulci
907 1780 1082 1832 praemia
1104 1779 1210 1819 vita?

293 1856 330 1898 Si
355 1857 426 1897 tibi
451 1871 533 1897 non
558 1856 667 1897 cordi
692 1857 851 1897 fuerant
874 1857 1050 1898 conubia
1072 1867 1219 1909 nostra,
