1649 2454
742 172 797 213 99

1088 262 1190 288 ικνυι,
1211 250 1362 290 119-138.

170 355 280 395 Nam
303 369 379 396 nec
401 366 485 396 tam
508 369 647 395 carum
670 354 859 394 confecto
880 362 1011 394 aetate
1034 354 1188 406 parenti

230 432 325 472 Vna
345 442 465 485 caput
487 432 560 472 seri
584 442 679 472 nata
701 431 857 483 nepotis
879 430 963 482 alit,

168 510 269 567 Qi,
293 523 388 549 curn
411 508 558 548 divitiis
579 509 646 548 vix
670 507 835 547 tandem
858 507 1047 546 inventus
1069 507 1183 546 avitis

229 585 395 625 Nomen
418 595 579 625 testatas
602 584 739 624 intulit
762 585 803 623 in
826 583 994 636 tabulas,

166 661 283 715 Inpia
304 662 419 702 derisi
442 661 603 715 gentilis
626 661 770 715 gaudia
794 659 941 700 tollens

226 739 398 781 Suscitat
419 755 442 780 a
464 754 566 780 cano
588 738 809 779 volturium
832 738 951 790 capiti
971 751 979 777 :

167 817 257 857 Nec
280 827 442 858 tanturn
465 817 583 857 niveo
606 817 738 870 gavisa
759 826 817 855 est
839 814 921 855 ulla
943 813 1136 854 columbo

226 892 404 946 Conpar,
428 907 530 946 quae
554 892 685 932 multo
707 892 854 931 dicitur
876 891 1083 943 inprobius

167 969 323 1012 Oscula
345 970 547 1009 mordenti
571 983 727 1021 semper
750 968 962 1020 decerpere
986 977 1126 1019 rostro,

226 1047 367 1103 Qam
389 1060 490 1100 quae
514 1046 725 1098 praecipue
749 1043 961 1084 multivola
983 1054 1041 1083 est
1064 1043 1225 1083 mulier.

164 1123 240 1165 Sed
263 1133 309 1163 tu
331 1124 478 1163 horum
501 1136 670 1176 magnos
691 1122 819 1161 vicisti
843 1121 927 1161 sola
949 1121 1115 1173 furores,

225 1200 284 1240 Vt
306 1199 430 1240 semel
453 1213 494 1239 es
516 1199 619 1240 flavo
641 1198 855 1239 conciliata
877 1198 977 1238 viro.

163 1278 252 1318 Aut
275 1277 375 1317 nihil
398 1287 467 1317 aut
490 1276 608 1329 paulo
631 1277 695 1316 cui
719 1285 809 1316 tum
832 1275 1055 1315 concedere
1077 1274 1199 1328 digna

225 1354 319 1395 Lux
343 1369 434 1394 mea
456 1368 495 1394 se
518 1364 703 1393 nostrum
727 1353 903 1393 contulit
927 1353 968 1391 in
992 1352 1210 1406 gremium,

164 1434 304 1489 Qam
328 1432 648 1472 circumcursans
670 1431 766 1470 hinc
789 1429 901 1470 illinc
924 1444 1038 1482 saepe
1063 1429 1226 1482 Cupido

223 1509 422 1562 Fulgebat
445 1509 607 1548 crocina
629 1507 822 1547 candidus
845 1508 885 1547 in
910 1508 1062 1548 tunica.

163 1587 282 1644 Qae
305 1596 443 1626 tamen
466 1585 537 1625 etsi
561 1599 644 1625 uno
667 1599 750 1624 non
773 1595 832 1625 est
855 1595 1050 1624 contenta
1072 1583 1252 1637 Catullo,

223 1663 330 1704 Rara
351 1662 601 1702 verecundae
625 1662 731 1702 furta
753 1662 927 1702 feremus
950 1676 1053 1714 erae,

162 1741 229 1782 Ne
252 1741 427 1781 nimium
449 1740 573 1780 simus
594 1738 811 1779 stultorum
835 1753 947 1779 more
970 1738 1151 1778 molesti:

221 1818 344 1871 Saepe
366 1818 489 1858 etiam
512 1816 632 1869 Iuno,
656 1816 835 1857 maxima
857 1815 1111 1868 caelicolum,
