1649 2454
756 175 810 217 93

690 364 882 405 LXVIII

187 513 317 562 QVOD
340 514 438 553 mihi
463 514 626 554 fortuna
648 528 822 567 casuque
845 527 1052 566 oppressus
1073 514 1218 554 acerbo

247 588 537 642 Conscriptum
561 591 639 630 hoc
663 589 836 630 lacrimis
859 590 986 629 mittis
1009 589 1253 642 epistolium,

187 666 442 720 Naufragum
465 677 511 706 ut
533 668 709 707 eiectum
732 667 1013 720 spumantibus
1034 668 1216 721 aequoris
1239 668 1357 707 undis

246 742 461 783 Sublevem
485 753 525 783 et
546 758 569 783 a
592 744 731 784 mortis
754 743 895 783 limine
918 744 1141 796 restituam,

186 820 327 877 Qem
351 835 483 874 neque
504 831 641 860 sancta
663 820 806 861 Venus
828 820 940 860 molli
964 821 1210 874 requiescere
1231 836 1377 862 somno

247 896 469 943 Desertum
493 898 534 936 in
557 897 663 937 lecto
684 897 835 937 caelibe
858 899 1093 951 perpetitur,

187 974 277 1014 Nec
300 985 484 1014 veterum
507 974 613 1015 dulci
637 976 878 1027 scriptorum
902 976 1081 1015 carmine
1105 975 1253 1016 Musae

248 1051 488 1104 Oblectant,
512 1066 608 1092 cum
631 1066 746 1092 mens
768 1053 888 1092 anxia
910 1051 1132 1106 pervigilat,

187 1129 233 1169 Id
256 1140 417 1183 gratum
439 1140 498 1170 est
521 1131 636 1182 mihi,
660 1144 726 1169 me
748 1130 944 1183 quoniam
966 1130 1038 1169 tibi
1062 1129 1160 1170 dicis
1181 1130 1376 1183 amicum,

250 1206 511 1260 Muneraque
534 1217 573 1247 et
598 1206 815 1247 Musarum
839 1207 934 1246 hinc
958 1207 1058 1259 petis
1080 1217 1120 1246 et
1143 1207 1339 1249 Veneris:

187 1283 262 1325 Sed
286 1284 358 1324 tibi
384 1298 434 1323 ne
456 1298 547 1324 mea
567 1284 647 1324 sint
671 1285 810 1338 ignota
833 1283 1110 1336 incommoda,
1136 1284 1272 1338 Mani,

249 1360 345 1401 Neu
368 1375 434 1400 me
456 1360 582 1401 odisse
606 1371 720 1413 putes
743 1361 908 1413 hospitis
931 1360 1125 1413 officium,

188 1439 358 1492 Accipe,
381 1439 469 1492 quis
491 1453 640 1479 merser
663 1438 849 1478 fortunae
871 1438 1060 1478 fluctibus
1082 1439 1177 1492 ipse,

249 1516 316 1556 Ne
338 1514 509 1568 amplius
530 1530 553 1556 a
575 1516 721 1555 misero
742 1515 849 1555 dona
871 1516 986 1555 beata
1009 1525 1129 1568 petas.

187 1592 400 1646 Tempore
421 1607 502 1646 quo
525 1593 703 1645 primum
726 1593 844 1633 vestis
867 1592 966 1632 mihi
991 1592 1135 1633 tradita
1156 1608 1254 1646 pura
1275 1603 1347 1646 est,

249 1670 484 1712 Iucundum
506 1684 602 1710 cum
623 1679 729 1710 aetas
750 1669 889 1710 florida
909 1684 978 1710 ver
999 1680 1148 1724 ageret,

190 1747 331 1789 Multa
351 1748 444 1788 satis
466 1747 564 1788 lusi:
591 1762 674 1787 non
697 1756 755 1787 est
778 1747 851 1787 dea
873 1747 1006 1787 nescia
1028 1748 1167 1800 nostri,

250 1826 372 1883 Qae
394 1824 556 1866 dulcem
578 1825 683 1865 curis
705 1825 847 1865 miscet
868 1824 1122 1866 amaritiem:
