1649 2454
346 255 449 282 ικνιιῐ,
470 245 577 284 59-78.

335 348 422 405 Qi
446 363 542 388 cum
565 349 614 389 de
637 363 762 402 prona
784 364 969 402 praeceps
991 360 1049 390 est
1072 350 1173 390 valle
1195 350 1370 402 volutus,

396 424 472 465 Per
495 426 676 466 medium
700 426 809 466 densi
835 427 975 466 transit
999 427 1073 467 iter
1097 427 1247 480 populi,

336 500 473 541 Dulce
495 503 635 542 viatori
661 502 759 543 lasso
783 504 823 542 in
846 503 990 543 sudore
1013 503 1213 556 levamen,

396 578 507 619 Cum
531 581 659 633 gravis
681 590 842 620 exustos
863 590 993 620 aestus
1015 581 1167 621 hiulcat
1189 594 1327 634 agros:

337 656 432 708 Hic,
456 656 567 696 velut
590 657 630 696 in
655 657 770 711 nigro
794 658 948 697 iactatis
969 658 1130 698 turbine
1154 659 1286 697 nautis

396 732 550 773 Lenius
572 735 747 786 aspirans
769 749 864 774 aura
885 735 1061 774 secunda
1083 735 1194 775 venit

333 810 421 851 Iam
445 826 561 864 prece
584 811 773 864 Pollucis,
797 813 876 852 iam
900 811 1078 852 Castoris
1100 812 1325 865 implorata,

395 887 503 928 Tale
526 889 602 928 fuit
625 889 739 929 nobis
764 889 932 929 Manius
953 889 1166 930 auxilium.

334 964 372 1005 Is
395 965 576 1006 clausum
600 966 681 1006 lato
704 967 892 1018 patefecit
915 966 1045 1006 limite
1068 981 1272 1020 campum,

395 1042 514 1097 Isque
537 1043 707 1083 domum
730 1044 845 1084 nobis
868 1044 977 1097 isque
1000 1044 1109 1084 dedit
1132 1045 1355 1097 dominam,

335 1120 402 1160 Ad
425 1135 549 1174 quam
572 1135 813 1161 communes
835 1135 1114 1162 exerceremus
1135 1136 1304 1162 amores.

395 1199 495 1255 Qo
519 1212 609 1238 mea
629 1212 670 1238 se
692 1197 803 1237 molli
828 1198 997 1238 candida
1019 1199 1109 1239 diva
1131 1199 1230 1252 pede

334 1274 480 1315 Intulit
502 1285 542 1315 et
565 1275 660 1314 trito
683 1274 909 1328 fulgentem
933 1276 974 1314 in
997 1275 1139 1316 limine
1163 1276 1342 1328 plantam

395 1351 544 1392 Innixa
565 1363 706 1406 arguta
728 1353 939 1392 constituit
961 1353 1080 1405 solea,

335 1428 535 1483 Coniugis
557 1439 602 1469 ut
624 1429 830 1482 quondam
854 1429 1022 1483 flagrans
1044 1430 1206 1470 advenit
1228 1445 1365 1471 amore

395 1506 678 1548 Protesilaeam
703 1506 927 1547 Laudamia
949 1507 1119 1548 domum

334 1584 546 1637 Inceptam
570 1584 726 1635 frustra,
751 1584 935 1623 nondum
959 1599 1053 1624 cum
1076 1587 1272 1640 sanguine
1294 1601 1405 1627 sacro

395 1661 540 1701 Hostia
561 1660 739 1701 caelestis
761 1658 1004 1713 pacificasset
1026 1676 1125 1703 eros.

334 1738 406 1778 Nil
430 1738 530 1777 mihi
554 1748 638 1778 tam
661 1737 775 1777 valde
797 1738 965 1791 placeat,
990 1738 1244 1781 Rhamnusia
1265 1742 1392 1795 virgo,

395 1815 520 1872 Qod
545 1825 697 1855 temere
721 1815 855 1855 invitis
880 1816 1117 1868 suscipiatur
1139 1818 1226 1858 eris.
