1649 2454
745 173 797 216 95

1133 267 1235 294 vam,
1255 255 1363 296 39-58.

171 357 296 414 QOd
320 357 392 397 tibi
418 372 499 397 non
523 358 731 411 utriusque
755 359 907 411 petenti
931 359 1047 412 copia
1069 370 1181 412 posta
1202 371 1285 400 est:

232 433 352 474 Vltro
375 449 450 488 ego
472 434 683 487 deferrem,
708 436 823 488 copia
844 436 957 489 siqua
979 436 1094 476 foret.

172 511 270 551 Non
294 526 453 564 possum
477 512 657 564 reticere,
680 512 791 565 deae,
813 527 894 566 qua
915 527 981 552 me
1004 512 1138 553 Allius
1161 514 1201 553 in
1226 528 1267 554 re

230 587 382 628 Iuverit
403 599 473 629 aut
494 590 656 642 quantis
679 590 823 629 iuverit
845 589 997 642 officiis,

170 665 236 705 Ne
259 666 416 719 fugiens
438 665 574 706 saeclis
596 666 924 707 obliviscentibus
946 677 1052 707 aetas

230 742 342 782 Illius
366 744 442 783 hoc
466 757 585 783 caeca
606 754 727 784 nocte
750 754 860 798 tegat
881 744 1086 794 studium3

169 818 244 860 Sed
267 819 398 860 dicam
422 820 549 872 vobis,
572 835 641 860 vos
664 835 781 873 porro
804 821 925 860 dicite
947 821 1086 861 multis

231 896 404 937 Milibus
426 908 467 937 et
489 898 607 937 facite
630 899 729 938 haec
752 899 891 938 charta
913 898 1101 952 loquatur
1122 914 1236 952 anus,

171 973 223 1016 Vt
233 974 350 1029 fama
373 974 436 1013 ille
457 976 549 1014 bona
575 975 753 1014 Cumaeos
774 975 893 1015 vivat
914 975 953 1014 in
977 991 1102 1028 annos,

231 1052 508 1106 Notescatque
531 1053 657 1106 magis
679 1063 863 1093 mortuus
885 1063 1007 1106 atque
1030 1055 1171 1107 magis,

170 1128 261 1168 Nec
284 1139 452 1169 tenuem
475 1139 617 1169 texens
639 1129 821 1170 sublimis
844 1144 989 1170 aranea
1010 1130 1134 1171 telam

230 1204 279 1245 In
303 1204 458 1245 deserto
481 1205 565 1245 Alli
590 1206 758 1245 nomine
780 1220 879 1259 opus
902 1207 1034 1248 faciat.

171 1282 296 1334 Nam,
321 1283 421 1322 mihi
445 1297 568 1336 quam
592 1284 744 1323 dederit
767 1284 915 1337 duplex
940 1285 1185 1326 Amathusia
1206 1301 1360 1340 curam,

230 1359 360 1411 Scitis,
383 1370 423 1399 et
447 1360 488 1399 in
511 1374 592 1412 quo
616 1374 682 1400 me
704 1361 900 1400 corruerit
922 1375 1083 1414 genere,

171 1433 282 1475 Cum
306 1446 466 1475 tanturn
490 1436 672 1475 arderem
694 1447 895 1490 quantum
919 1436 1138 1478 Trinacria
1159 1452 1276 1491 rupes

232 1511 504 1567 Lymphaque
528 1514 569 1552 in
593 1512 761 1554 Oetaeis
785 1513 916 1554 Malia
939 1513 1246 1571 Thermopylis,

172 1588 332 1629 Maesta
355 1603 486 1642 neque
508 1589 665 1629 assiduo
687 1590 889 1630 tabescere
911 1589 1068 1631 lumina
1090 1591 1188 1631 fletu

231 1665 447 1706 Cessarent
470 1667 652 1720 tristique
671 1667 798 1707 imbre
822 1667 983 1707 madere
1005 1682 1145 1722 genae.

174 1742 318 1800 Qalis
341 1743 382 1782 in
405 1743 498 1782 aerii
523 1742 732 1796 perlucens
753 1744 903 1784 vertice
926 1746 1077 1785 montis

232 1819 361 1860 Rivus
382 1834 568 1860 muscoso
591 1820 745 1873 prosilit
766 1836 788 1861 e
811 1820 955 1874 lapide,
