1649 2454
910 166 964 207 9C>

344 257 420 283 van
440 247 549 285 39·58.

338 348 484 400 Invita,
508 363 532 387 0
556 349 706 401 regina,
730 358 802 387 tuo
825 348 873 387 de
896 348 1044 387 vertice
1067 347 1176 398 cessi,

398 425 555 465 Invita:
580 424 719 464 adiuro
743 434 862 477 teque
886 434 1085 476 tuumque
1107 433 1241 475 caput,

339 501 479 556 Digna
502 503 601 541 ferat
624 501 731 555 quod
755 501 876 554 siquis
899 501 1071 540 inaniter
1093 500 1308 540 adiurarit:

400 579 472 620 Sed
497 580 565 632 qui
590 594 629 618 se
653 579 757 618 ferro
782 577 956 630 postulet
979 591 1060 617 esse
1085 575 1248 629 parem?

337 657 410 698 Ille
427 672 590 710 quoque
608 670 765 696 eversus
783 669 900 694 mons
921 665 994 707 est,
1012 668 1135 708 quem
1153 654 1381 693 maximum
1401 654 1441 692 in
1460 652 1537 692 oris

398 734 616 787 Progenies
637 732 775 773 Thiae
799 731 903 771 clara
924 731 1218 784 supervehitur,

337 811 449 852 Cum
474 811 591 851 Medi
616 824 802 863 peperere
826 823 979 848 novum
1003 823 1126 860 mare,
1149 822 1326 861 cumque
1350 807 1537 847 iuventus

400 888 476 929 Per
499 888 681 927 medium
706 886 814 926 classi
841 886 1005 926 barbara
1028 886 1137 925 navit
1161 885 1319 924 Athon.

340 967 454 1024 Qid
479 966 629 1005 facient
651 965 794 1015 crines,
823 978 918 1003 cum
943 963 1047 1003 ferro
1070 962 1163 1002 talia
1185 960 1356 1001 cedant?

399 1043 594 1096 Iuppiter,
618 1052 663 1082 ut
687 1041 905 1096 Chalybon
929 1055 1053 1079 omne
1076 1053 1203 1093 genus
1226 1048 1373 1091 pereat,

340 1121 394 1163 Et
417 1122 485 1175 qui
511 1120 708 1173 principio
730 1119 803 1158 sub
826 1128 930 1158 terra
951 1132 1141 1171 quaerere
1165 1131 1284 1156 venas

400 1198 553 1238 Institit
576 1211 621 1237 ac
645 1196 736 1236 ferri
761 1196 956 1248 stringere
978 1191 1194 1234 duritiem!

341 1276 573 1316 Abiunctae
597 1272 715 1326 paulo
737 1283 831 1313 ante
855 1286 996 1311 comae
1019 1286 1109 1311 mea
1132 1271 1212 1311 fata
1232 1284 1384 1310 sorores

403 1353 634 1406 Lugebant,
658 1365 753 1390 curn
776 1364 816 1389 se
841 1349 1082 1389 Memnonis
1105 1348 1320 1400 Aethiopis

342 1431 535 1484 Vnigena
557 1427 752 1481 inpellens
775 1427 1013 1466 nutantibus
1034 1440 1124 1465 aera
1147 1425 1289 1478 pennis

403 1506 572 1550 Obtulit
596 1505 789 1545 Arsinoes
812 1503 1007 1544 Locridos
1029 1502 1108 1542 ales
1130 1517 1237 1554 ecus,

343 1586 461 1639 Isque
485 1598 553 1636 per
575 1583 769 1623 aetherias
792 1596 856 1620 me
879 1580 1025 1620 tollens
1046 1579 1176 1620 avolat
1199 1581 1361 1619 umbras

405 1661 460 1702 Et
484 1661 656 1701 Veneris
679 1669 787 1698 casto
809 1657 980 1697 collocat
1005 1658 1045 1696 in
1069 1657 1238 1710 gremio.

344 1739 434 1792 Ipsa
455 1751 574 1778 suum
599 1736 834 1790 Zephyritis
856 1749 904 1775 eo
927 1733 1126 1774 famulum
1151 1733 1314 1787 legarat,

407 1815 533 1858 Graia
557 1813 749 1866 Canopiis
772 1811 904 1852 incola
926 1811 1121 1851 litoribus.
