1649 2454
715 180 770 234 89

1129 283 1207 310 val,
1229 273 1336 312 19-38.

143 374 189 415 Id
212 389 303 416 mea
325 390 390 415 me
413 375 552 416 multis
574 376 711 416 docuit
735 376 873 429 regina
894 374 1066 429 querelis

203 451 409 493 Invisente
432 468 539 494 novo
563 453 711 506 proelia
733 463 847 493 torva
869 453 968 493 viro.

143 529 202 569 At
224 540 269 569 tu
292 545 374 570 non
398 530 544 570 orbum
567 530 669 570 luxti
693 530 848 570 deserta
869 529 1017 583 cubile,

203 606 278 647 Sed
302 607 432 647 fratris
455 609 533 648 cari
558 607 689 647 flebile
712 607 940 659 discidium,

143 681 255 723 Cum
278 685 438 736 penitus
460 695 628 725 maestas
650 684 785 724 exedit
808 698 904 724 cura
926 683 1134 724 medullas.

204 760 264 800 Vt
287 762 357 801 tibi
383 772 472 802 tum
495 771 583 802 toto
605 771 767 815 pectore
789 761 982 802 sollicitae

143 836 330 878 Sensibus
352 840 496 892 ereptis
519 853 634 879 mens
656 836 831 879 excidit!
855 849 895 879 at
919 850 958 879 te
982 853 1057 893 ego
1080 849 1189 879 certe

203 913 440 968 Cognoram
463 931 486 956 a
509 931 627 969 parva
649 917 804 970 virgine
827 917 1147 970 magnanimam.

143 991 268 1032 Anne
292 993 446 1033 bonum
469 993 594 1034 oblita
615 1007 655 1033 es
672 993 840 1045 facinus,
864 1007 945 1047 quo
969 994 1126 1047 regium
1143 993 1287 1047 adepta
1304 1008 1344 1034 es

205 1068 474 1124 Coniugium,
497 1070 605 1124 quod
630 1085 713 1110 non
738 1070 877 1110 fortior
899 1071 1001 1110 ausit
1023 1069 1120 1111 alis?

143 1145 218 1187 Sed
242 1157 331 1187 tum
349 1158 500 1188 maesta
515 1148 648 1187 virum
671 1149 838 1188 mittens
856 1163 958 1202 quae
976 1149 1097 1188 verba
1119 1148 1255 1189 locuta
1277 1163 1316 1189 es
1333 1146 1341 1189 !

203 1223 397 1277 Iuppiter,
420 1235 467 1265 ut
489 1225 590 1265 tristi
614 1224 771 1265 lumina
793 1240 908 1278 saepe
932 1240 1058 1266 manu
1078 1223 1085 1266 Ι

145 1302 250 1358 Qis
272 1312 312 1342 te
335 1303 507 1343 mutavit
530 1313 666 1343 tantus
688 1303 811 1343 deus?
832 1318 883 1343 an
906 1303 1014 1356 quod
1037 1314 1220 1344 amantes

204 1379 302 1419 Non
326 1380 446 1434 longe
468 1395 491 1420 a
513 1395 604 1421 caro
627 1395 792 1434 corpore
814 1381 948 1421 abesse
970 1380 1141 1421 volunt?

143 1457 284 1511 Atque
307 1457 359 1497 ibi
383 1472 448 1497 me
471 1458 630 1498 cunctis
652 1473 723 1511 pro
745 1457 851 1498 dulci
875 1459 1049 1512 coniuge
1071 1458 1171 1499 divis

204 1534 302 1575 Non
325 1535 410 1574 sine
433 1536 594 1575 taurino
615 1536 810 1589 sanguine
834 1535 1012 1589 pollicita
1033 1551 1086 1589 es,

143 1610 181 1652 Si
206 1611 379 1652 reditum
402 1611 611 1652 tetulisset.
665 1611 704 1652 Is
727 1613 824 1653 haut
848 1614 888 1653 in
912 1624 1095 1666 tempore
1118 1613 1242 1668 longo

203 1688 380 1742 Captam
402 1690 544 1730 Asiam
567 1689 747 1745 Aegypti
770 1688 918 1731 finibus
939 1690 1158 1731 addiderat.

144 1767 250 1824 Qis
272 1781 348 1820 ego
370 1781 441 1819 pro
464 1767 578 1807 factis
599 1767 757 1807 caelesti
782 1767 936 1807 reddita
957 1778 1077 1808 coetu

204 1842 378 1884 Pristina
400 1852 494 1883 vota
514 1857 621 1884 novo
643 1857 814 1884 munere
836 1843 1023 1885 dissoluo.
