1649 2454
853 157 908 198 94

285 247 386 274 van1‚
408 246 418 266 1
427 246 479 275 9=3
486 236 514 267 8.

279 339 354 380 Sed
378 350 513 380 totum
537 341 613 381 hoc
636 341 815 381 studium
840 340 954 381 luctu
977 341 1151 382 fraterna
1174 342 1273 381 mihi
1298 356 1405 382 mors

340 416 536 457 Abstulit.
602 416 645 459 O
671 418 815 458 misero
839 418 958 458 frater
980 418 1167 471 adempte
1190 419 1305 471 mihi,

278 493 353 533 Tu
377 508 467 533 mea
489 504 534 534 tu
557 495 733 534 moriens
755 495 904 549 fregisti
928 495 1156 546 commoda,
1183 495 1315 547 frater,

339 571 507 611 Tecum
529 587 612 611 una
634 582 719 612 tota
741 582 798 612 est
822 583 956 612 nostra
977 573 1132 625 sepulta
1155 572 1312 625 domus,

280 647 439 689 Omnia
461 658 598 688 tecum
621 664 703 689 una
725 650 929 702 perierunt
952 649 1096 703 gaudia
1118 659 1267 702 nostra,

340 727 460 782 Qae
483 736 576 766 tuus
599 727 639 765 in
662 727 744 766 vita
766 725 892 766 dulcis
914 726 1045 767 alebat
1067 741 1193 767 amor.

278 802 408 844 Cuius
430 817 505 857 ego
528 803 695 843 interitu
718 813 803 843 tota
825 803 873 843 de
897 814 1036 843 mente
1059 804 1193 857 fugavi

340 880 453 920 Haec
475 880 606 920 studia
627 890 748 934 atque
771 881 904 920 omnis
927 880 1087 920 delicias
1108 881 1248 920 animi.

279 958 433 1014 Qare,
457 957 564 1010 quod
587 957 725 996 scribis
748 957 958 997 ‘Veronae
982 967 1111 1009 turpe,
1136 956 1313 1009 Catulle,

339 1033 449 1085 Esse,
472 1033 581 1086 quod
605 1034 685 1085 hic,
708 1034 886 1086 quisquis
909 1033 957 1073 de
980 1033 1146 1073 meliore
1168 1044 1265 1073 nota
1287 1044 1359 1086 est,

277 1110 440 1164 Frigida
461 1110 616 1150 deserto
640 1111 831 1163 tepefecit
854 1111 1038 1150 membra
1059 1110 1213 1162 cubili‚’

337 1188 398 1241 Id,
423 1188 559 1240 Mani,
583 1203 667 1228 non
691 1198 749 1228 est
771 1198 901 1240 turpe,
926 1188 1053 1241 magis
1075 1189 1268 1228 miserum
1291 1198 1362 1228 est.

277 1265 466 1320 Ignosces
489 1266 625 1319 igitur,
648 1266 692 1318 si,
716 1280 819 1319 quae
842 1266 941 1304 mihi
967 1265 1099 1305 luctus
1120 1265 1285 1318 ademit,

339 1343 453 1383 Haec
475 1343 547 1382 tibi
572 1357 654 1382 non
678 1343 812 1382 tribuo
834 1357 1017 1395 munera,
1041 1357 1136 1383 cum
1162 1357 1331 1396 nequeo.

276 1421 402 1472 Nam,
421 1420 528 1473 quod
542 1420 783 1472 scriptorum
799 1434 882 1459 non
899 1434 1048 1473 magna
1065 1428 1123 1459 est
1140 1420 1255 1472 copia
1270 1419 1375 1472 apud
1394 1434 1473 1471 me,

338 1497 430 1536 Hoc
453 1495 513 1549 fit,
536 1496 644 1550 quod
670 1496 827 1536 Romae
850 1497 1048 1537 vivimus:
1075 1496 1141 1536 illa
1163 1496 1320 1549 domus,

275 1573 349 1615 Illa
371 1574 471 1613 mihi
494 1573 618 1625 sedes,
642 1573 723 1612 illic
747 1587 837 1613 mea
859 1574 1035 1626 carpitur
1056 1583 1187 1614 aetas:

337 1651 433 1690 Huc
456 1664 537 1690 una
559 1664 608 1690 ex
631 1650 770 1690 multis
792 1650 951 1703 capsula
974 1665 1039 1690 me
1061 1651 1254 1703 sequitur.

275 1728 400 1784 Qod
425 1741 520 1767 cum
544 1728 598 1767 ita
620 1727 683 1779 sit,
708 1726 836 1767 nolim
859 1737 1008 1767 statuas
1031 1741 1103 1767 nos
1126 1737 1264 1766 mente
1287 1726 1466 1781 maligna

335 1804 381 1845 Id
405 1804 533 1844 facere
555 1814 625 1844 aut
647 1804 786 1844 animo
809 1818 892 1844 non
915 1805 1007 1844 satis
1029 1804 1222 1857 ingenuo,
