1649 2454
827 200 882 242 68

260 306 336 333 mov,
355 295 430 334 60-7
436 305 465 335 9.

254 398 383 439 Inrita
403 408 593 439 ventosae
615 398 803 452 linquens
826 398 1018 451 promissa
1040 396 1250 450 procellae.

256 477 397 533 Qem
421 475 559 529 procul
582 490 631 515 ex
653 475 742 529 alga
764 476 924 515 maestis
948 474 1106 515 Minois
1128 473 1278 526 ocellis,

255 553 381 595 Saxea
402 562 448 593 ut
470 552 618 606 effigies
641 553 887 604 bacchantis,
912 552 1116 604 prospicit,
1139 552 1258 603 eheu,

256 629 451 683 Prospicit
474 640 514 670 et
539 630 696 683 magnis
718 643 907 669 curarum
930 629 1098 668 fluctuat
1121 627 1251 680 undis,

257 708 356 748 Non
380 708 482 748 flavo
505 708 683 747 retinens
705 706 895 747 subtilem
919 706 1068 745 vertice
1091 705 1269 755 mitram,

258 785 355 824 Non
379 794 568 824 contecta
590 784 667 824 levi
691 783 889 824 laniatum
912 793 1051 835 pectus
1072 783 1240 834 amictu,

258 862 357 902 Non
380 862 496 902 tereti
520 861 700 914 strophio
723 860 909 901 lactentis
930 860 1068 899 vincta
1091 859 1267 912 papillas,

258 939 419 982 Omnia
440 954 543 993 quae
565 949 652 979 toto
675 938 833 991 delapsa
855 952 876 977 e
899 951 1066 990 corpore
1089 937 1233 989 passim

258 1017 386 1070 Ipsius
406 1027 501 1064 ante
525 1017 643 1070 pedes
664 1016 810 1056 fluctus
831 1015 920 1055 salis
941 1014 1200 1055 adludebant.

258 1095 334 1136 Sed
358 1109 491 1148 neque
514 1104 604 1134 tum
627 1094 770 1134 mitrae
794 1107 926 1146 neque
949 1102 1039 1131 turn
1061 1091 1256 1131 fluitantis
1277 1091 1450 1131 amictus

259 1172 334 1214 Illa
356 1173 488 1212 vicem
512 1185 656 1211 curans
678 1180 766 1211 toto
787 1185 836 1210 ex
862 1180 901 1209 te
924 1179 1100 1222 pectore,
1122 1168 1308 1221 Theseu,

259 1249 377 1291 Toto
399 1249 552 1301 animo,
576 1258 661 1288 tota
684 1247 883 1301 pendebat
906 1246 1059 1299 perdita
1081 1255 1232 1286 mente.

260 1328 301 1368 A
324 1327 480 1378 misera,
504 1325 676 1366 adsiduis
699 1339 822 1378 quarn
845 1324 1021 1364 luctibus
1043 1323 1270 1364 externavit

261 1405 445 1458 Spinosas
468 1402 648 1458 Erycina
668 1416 802 1442 serens
825 1402 866 1441 in
890 1410 1052 1454 pectore
1074 1414 1188 1440 curas

261 1482 336 1523 Illa
357 1490 610 1534 tempestate,
635 1480 746 1520 ferox
770 1494 852 1533 quo
873 1494 923 1519 ex
947 1489 1129 1532 tempore
1153 1477 1340 1519 Theseus

262 1559 454 1613 Egressus
475 1558 607 1598 curvis
629 1572 650 1596 e
673 1557 856 1597 litoribus
878 1555 1006 1596 Piraei

263 1636 416 1689 Attigit
439 1634 575 1674 iniusti
600 1634 702 1687 regis
725 1631 931 1688 Gortynia
953 1641 1073 1672 tecta.

264 1714 375 1753 Nam
399 1712 611 1765 perhibent
633 1710 732 1750 olim
755 1709 906 1750 crudeli
931 1719 1040 1762 peste
1062 1718 1244 1749 coactam

264 1789 588 1842 Androgeoneae
611 1801 758 1841 poenas
779 1786 983 1827 exsolvere
1006 1785 1136 1826 caedis

266 1867 429 1909 Electos
452 1867 615 1906 iuvenes
637 1864 756 1905 simul
780 1875 818 1904 et
842 1864 962 1904 decus
985 1864 1249 1916 innuptarum
