<?xml version="1.0" encoding="UTF-8"?>
<!DOCTYPE html PUBLIC "-//W3C//DTD XHTML 1.0 Transitional//EN"
    "http://www.w3.org/TR/xhtml1/DTD/xhtml1-transitional.dtd">
<html xmlns="http://www.w3.org/1999/xhtml" xml:lang="en" lang="en">
 <head>
  <title>
</title>
<meta http-equiv="Content-Type" content="text/html;charset=utf-8" />
  <meta name='ocr-system' content='tesseract 3.04.00' />
  <meta name='ocr-capabilities' content='ocr_page ocr_carea ocr_par ocr_line ocrx_word'/>
</head>
<body>
  <div class='ocr_page' id='page_1' title='image "./carminaselecta00catuuoft_0177.png"; bbox 0 0 1649 2454; ppageno 0'>
   <div class='ocr_carea' id='block_1_1' title="bbox 770 200 852 242">
    <p class='ocr_par' dir='ltr' id='par_1_1' title="bbox 770 200 852 242">
     <span class='ocr_line' id='line_1_1' title="bbox 770 200 852 242; baseline 0.012 -14"><span class='ocrx_word' id='word_1_1' title='bbox 770 200 852 242; x_wconf 89' lang='lat'>109</span> 
     </span>
    </p>
   </div>
   <div class='ocr_carea' id='block_1_2' title="bbox 730 347 881 389">
    <p class='ocr_par' dir='ltr' id='par_1_2' title="bbox 730 347 881 389">
     <span class='ocr_line' id='line_1_2' title="bbox 730 347 881 389; baseline 0 -1"><span class='ocrx_word' id='word_1_2' title='bbox 730 347 881 389; x_wconf 93' lang='lat' dir='ltr'>XCVI</span> 
     </span>
    </p>
   </div>
   <div class='ocr_carea' id='block_1_3' title="bbox 250 484 1357 926">
    <p class='ocr_par' dir='ltr' id='par_1_3' title="bbox 250 484 1357 615">
     <span class='ocr_line' id='line_1_3' title="bbox 250 484 1357 539; baseline -0.002 -13"><span class='ocrx_word' id='word_1_3' title='bbox 250 485 293 527; x_wconf 88' lang='lat' dir='ltr'>S1</span> <span class='ocrx_word' id='word_1_4' title='bbox 315 487 533 539; x_wconf 88' lang='lat' dir='ltr'>quicquam</span> <span class='ocrx_word' id='word_1_5' title='bbox 557 486 679 526; x_wconf 86' lang='lat' dir='ltr'>mutis</span> <span class='ocrx_word' id='word_1_6' title='bbox 700 496 860 539; x_wconf 86' lang='lat' dir='ltr'>gratum</span> <span class='ocrx_word' id='word_1_7' title='bbox 882 495 1146 537; x_wconf 84' lang='lat' dir='ltr'><strong>acceptumve</strong></span> <span class='ocrx_word' id='word_1_8' title='bbox 1168 484 1357 538; x_wconf 88' lang='lat' dir='ltr'>sepulcris</span> 
     </span>
     <span class='ocr_line' id='line_1_4' title="bbox 309 561 1212 615; baseline -0.001 -13"><span class='ocrx_word' id='word_1_9' title='bbox 309 563 508 603; x_wconf 88' lang='lat' dir='ltr'>Accidere</span> <span class='ocrx_word' id='word_1_10' title='bbox 529 577 552 602; x_wconf 91' lang='lat' dir='ltr'>a</span> <span class='ocrx_word' id='word_1_11' title='bbox 574 573 722 614; x_wconf 83' lang='lat' dir='ltr'>nostro,</span> <span class='ocrx_word' id='word_1_12' title='bbox 746 561 887 615; x_wconf 85' lang='lat' dir='ltr'>Calve,</span> <span class='ocrx_word' id='word_1_13' title='bbox 910 561 1046 602; x_wconf 92' lang='lat' dir='ltr'>dolore</span> <span class='ocrx_word' id='word_1_14' title='bbox 1069 572 1212 614; x_wconf 79' lang='lat' dir='ltr'>potest,</span> 
     </span>
    </p>

    <p class='ocr_par' dir='ltr' id='par_1_4' title="bbox 251 639 1178 770">
     <span class='ocr_line' id='line_1_5' title="bbox 251 639 1178 696; baseline -0.001 -17"><span class='ocrx_word' id='word_1_15' title='bbox 251 640 351 696; x_wconf 84' lang='lat' dir='ltr'>Qo</span> <span class='ocrx_word' id='word_1_16' title='bbox 373 639 566 679; x_wconf 89' lang='lat' dir='ltr'>desiderio</span> <span class='ocrx_word' id='word_1_17' title='bbox 586 649 740 679; x_wconf 88' lang='lat' dir='ltr'>veteres</span> <span class='ocrx_word' id='word_1_18' title='bbox 763 653 1002 679; x_wconf 85' lang='lat' dir='ltr'>renovamus</span> <span class='ocrx_word' id='word_1_19' title='bbox 1023 653 1178 679; x_wconf 84' lang='lat' dir='ltr'>amores</span> 
     </span>
     <span class='ocr_line' id='line_1_6' title="bbox 311 716 1140 770; baseline 0 -14"><span class='ocrx_word' id='word_1_20' title='bbox 311 717 450 770; x_wconf 89' lang='lat' dir='ltr'>Atque</span> <span class='ocrx_word' id='word_1_21' title='bbox 473 716 589 759; x_wconf 90' lang='lat' dir='ltr'>Orco</span> <span class='ocrx_word' id='word_1_22' title='bbox 612 717 746 757; x_wconf 85' lang='lat' dir='ltr'>missas</span> <span class='ocrx_word' id='word_1_23' title='bbox 768 716 910 756; x_wconf 85' lang='lat' dir='ltr'>flemus</span> <span class='ocrx_word' id='word_1_24' title='bbox 931 717 1140 768; x_wconf 86' lang='lat' dir='ltr'>amicitias,</span> 
     </span>
    </p>

    <p class='ocr_par' dir='ltr' id='par_1_5' title="bbox 250 791 1210 926">
     <span class='ocr_line' id='line_1_7' title="bbox 250 791 1201 834; baseline 0 -1"><span class='ocrx_word' id='word_1_25' title='bbox 250 791 374 833; x_wconf 86' lang='lat' dir='ltr'><strong>Certe</strong></span> <span class='ocrx_word' id='word_1_26' title='bbox 397 808 479 833; x_wconf 92' lang='lat' dir='ltr'>non</span> <span class='ocrx_word' id='word_1_27' title='bbox 503 803 617 833; x_wconf 89' lang='lat' dir='ltr'>tanto</span> <span class='ocrx_word' id='word_1_28' title='bbox 640 807 747 833; x_wconf 87' lang='lat' dir='ltr'>mors</span> <span class='ocrx_word' id='word_1_29' title='bbox 770 794 972 833; x_wconf 87' lang='lat' dir='ltr'>inmatura</span> <span class='ocrx_word' id='word_1_30' title='bbox 993 792 1119 833; x_wconf 86' lang='lat' dir='ltr'>dolori</span> <span class='ocrx_word' id='word_1_31' title='bbox 1143 803 1201 834; x_wconf 84' lang='lat' dir='ltr'>est</span> 
     </span>
     <span class='ocr_line' id='line_1_8' title="bbox 310 868 1210 926; baseline 0.002 -18"><span class='ocrx_word' id='word_1_32' title='bbox 310 868 551 926; x_wconf 83' lang='lat' dir='ltr'>Qintiliae‚</span> <span class='ocrx_word' id='word_1_33' title='bbox 575 880 774 923; x_wconf 90' lang='lat' dir='ltr'>quantum</span> <span class='ocrx_word' id='word_1_34' title='bbox 798 869 944 923; x_wconf 86' lang='lat' dir='ltr'>gaudet</span> <span class='ocrx_word' id='word_1_35' title='bbox 966 884 1103 911; x_wconf 92' lang='lat' dir='ltr'>amore</span> <span class='ocrx_word' id='word_1_36' title='bbox 1125 880 1210 910; x_wconf 72' lang='lat' dir='ltr'>tuo,</span> 
     </span>
    </p>
   </div>
   <div class='ocr_carea' id='block_1_4' title="bbox 776 1046 835 1087">
    <p class='ocr_par' dir='ltr' id='par_1_6' title="bbox 776 1046 835 1087">
     <span class='ocr_line' id='line_1_9' title="bbox 776 1046 835 1087; baseline -0.017 0"><span class='ocrx_word' id='word_1_37' title='bbox 776 1046 835 1087; x_wconf 93' lang='lat' dir='ltr'>CI</span> 
     </span>
    </p>
   </div>
   <div class='ocr_carea' id='block_1_5' title="bbox 210 1183 1401 1931">
    <p class='ocr_par' dir='ltr' id='par_1_7' title="bbox 212 1183 1310 1313">
     <span class='ocr_line' id='line_1_10' title="bbox 212 1183 1310 1238; baseline 0 -15"><span class='ocrx_word' id='word_1_38' title='bbox 212 1183 400 1224; x_wconf 79' lang='lat' dir='ltr'><strong>MULTAS</strong></span> <span class='ocrx_word' id='word_1_39' title='bbox 422 1198 490 1236; x_wconf 88' lang='lat' dir='ltr'>per</span> <span class='ocrx_word' id='word_1_40' title='bbox 512 1194 652 1237; x_wconf 88' lang='lat' dir='ltr'><strong>gentes</strong></span> <span class='ocrx_word' id='word_1_41' title='bbox 674 1195 713 1223; x_wconf 94' lang='lat' dir='ltr'>et</span> <span class='ocrx_word' id='word_1_42' title='bbox 737 1183 865 1224; x_wconf 86' lang='lat' dir='ltr'>multa</span> <span class='ocrx_word' id='word_1_43' title='bbox 888 1198 956 1236; x_wconf 93' lang='lat' dir='ltr'>per</span> <span class='ocrx_word' id='word_1_44' title='bbox 978 1198 1152 1238; x_wconf 90' lang='lat' dir='ltr'>aequora</span> <span class='ocrx_word' id='word_1_45' title='bbox 1172 1194 1310 1224; x_wconf 87' lang='lat' dir='ltr'>vectus</span> 
     </span>
     <span class='ocr_line' id='line_1_11' title="bbox 270 1260 1171 1313; baseline 0 -13"><span class='ocrx_word' id='word_1_46' title='bbox 270 1261 459 1301; x_wconf 90' lang='lat' dir='ltr'>Advenio</span> <span class='ocrx_word' id='word_1_47' title='bbox 482 1261 550 1300; x_wconf 87' lang='lat' dir='ltr'>has</span> <span class='ocrx_word' id='word_1_48' title='bbox 572 1261 745 1312; x_wconf 80' lang='lat' dir='ltr'>miseras,</span> <span class='ocrx_word' id='word_1_49' title='bbox 770 1261 903 1313; x_wconf 84' lang='lat' dir='ltr'>frater,</span> <span class='ocrx_word' id='word_1_50' title='bbox 925 1260 973 1301; x_wconf 88' lang='lat' dir='ltr'>ad</span> <span class='ocrx_word' id='word_1_51' title='bbox 999 1261 1171 1313; x_wconf 89' lang='lat' dir='ltr'>inferias,</span> 
     </span>
    </p>

    <p class='ocr_par' dir='ltr' id='par_1_8' title="bbox 210 1337 1232 1468">
     <span class='ocr_line' id='line_1_12' title="bbox 210 1337 1126 1390; baseline 0 -13"><span class='ocrx_word' id='word_1_52' title='bbox 210 1337 270 1377; x_wconf 91' lang='lat' dir='ltr'>Vt</span> <span class='ocrx_word' id='word_1_53' title='bbox 293 1348 332 1377; x_wconf 89' lang='lat' dir='ltr'>te</span> <span class='ocrx_word' id='word_1_54' title='bbox 355 1347 556 1390; x_wconf 88' lang='lat' dir='ltr'>postremo</span> <span class='ocrx_word' id='word_1_55' title='bbox 579 1337 771 1377; x_wconf 91' lang='lat' dir='ltr'>donarem</span> <span class='ocrx_word' id='word_1_56' title='bbox 795 1352 963 1377; x_wconf 91' lang='lat' dir='ltr'>munere</span> <span class='ocrx_word' id='word_1_57' title='bbox 986 1338 1126 1377; x_wconf 90' lang='lat' dir='ltr'>mortis</span> 
     </span>
     <span class='ocr_line' id='line_1_13' title="bbox 270 1413 1232 1468; baseline 0 -14"><span class='ocrx_word' id='word_1_58' title='bbox 270 1413 325 1455; x_wconf 90' lang='lat' dir='ltr'>Et</span> <span class='ocrx_word' id='word_1_59' title='bbox 348 1424 505 1455; x_wconf 91' lang='lat' dir='ltr'>mutam</span> <span class='ocrx_word' id='word_1_60' title='bbox 528 1414 774 1468; x_wconf 86' lang='lat' dir='ltr'>nequiquam</span> <span class='ocrx_word' id='word_1_61' title='bbox 795 1414 1018 1468; x_wconf 89' lang='lat' dir='ltr'><strong>alloquerer</strong></span> <span class='ocrx_word' id='word_1_62' title='bbox 1039 1415 1232 1467; x_wconf 88' lang='lat' dir='ltr'>cinerem,</span> 
     </span>
    </p>

    <p class='ocr_par' dir='ltr' id='par_1_9' title="bbox 211 1491 1321 1622">
     <span class='ocr_line' id='line_1_14' title="bbox 211 1491 1321 1548; baseline 0.001 -18"><span class='ocrx_word' id='word_1_63' title='bbox 211 1491 556 1548; x_wconf 86' lang='lat' dir='ltr'>Qandoquidem</span> <span class='ocrx_word' id='word_1_64' title='bbox 579 1491 741 1531; x_wconf 85' lang='lat' dir='ltr'>fortuna</span> <span class='ocrx_word' id='word_1_65' title='bbox 763 1492 862 1531; x_wconf 88' lang='lat' dir='ltr'>mihi</span> <span class='ocrx_word' id='word_1_66' title='bbox 886 1501 969 1531; x_wconf 91' lang='lat' dir='ltr'>tete</span> <span class='ocrx_word' id='word_1_67' title='bbox 990 1491 1153 1531; x_wconf 87' lang='lat' dir='ltr'>abstulit</span> <span class='ocrx_word' id='word_1_68' title='bbox 1176 1493 1321 1544; x_wconf 87' lang='lat' dir='ltr'>ipsum,</span> 
     </span>
     <span class='ocr_line' id='line_1_15' title="bbox 272 1569 1182 1622; baseline 0 -14"><span class='ocrx_word' id='word_1_69' title='bbox 272 1569 367 1609; x_wconf 92' lang='lat' dir='ltr'>Heu</span> <span class='ocrx_word' id='word_1_70' title='bbox 389 1569 508 1608; x_wconf 85' lang='lat' dir='ltr'>miser</span> <span class='ocrx_word' id='word_1_71' title='bbox 531 1569 695 1622; x_wconf 84' lang='lat' dir='ltr'>indigne</span> <span class='ocrx_word' id='word_1_72' title='bbox 719 1569 838 1609; x_wconf 89' lang='lat' dir='ltr'>frater</span> <span class='ocrx_word' id='word_1_73' title='bbox 858 1569 1046 1622; x_wconf 85' lang='lat' dir='ltr'>adempte</span> <span class='ocrx_word' id='word_1_74' title='bbox 1068 1569 1182 1609; x_wconf 91' lang='lat' dir='ltr'>mihi.</span> 
     </span>
    </p>

    <p class='ocr_par' dir='ltr' id='par_1_10' title="bbox 210 1647 1401 1776">
     <span class='ocr_line' id='line_1_16' title="bbox 210 1647 1401 1700; baseline -0.001 -13"><span class='ocrx_word' id='word_1_75' title='bbox 210 1647 336 1687; x_wconf 91' lang='lat' dir='ltr'>Nunc</span> <span class='ocrx_word' id='word_1_76' title='bbox 352 1656 488 1686; x_wconf 90' lang='lat' dir='ltr'>tamen</span> <span class='ocrx_word' id='word_1_77' title='bbox 504 1647 656 1686; x_wconf 88' lang='lat' dir='ltr'>interea</span> <span class='ocrx_word' id='word_1_78' title='bbox 670 1647 782 1698; x_wconf 90' lang='lat' dir='ltr'>haec,</span> <span class='ocrx_word' id='word_1_79' title='bbox 798 1647 926 1699; x_wconf 87' lang='lat' dir='ltr'>prisco</span> <span class='ocrx_word' id='word_1_80' title='bbox 940 1661 1042 1700; x_wconf 89' lang='lat' dir='ltr'>quae</span> <span class='ocrx_word' id='word_1_81' title='bbox 1060 1660 1172 1686; x_wconf 88' lang='lat' dir='ltr'>more</span> <span class='ocrx_word' id='word_1_82' title='bbox 1188 1656 1401 1699; x_wconf 87' lang='lat' dir='ltr'>parentum</span> 
     </span>
     <span class='ocr_line' id='line_1_17' title="bbox 269 1723 1139 1776; baseline -0.002 -12"><span class='ocrx_word' id='word_1_83' title='bbox 269 1723 444 1764; x_wconf 88' lang='lat' dir='ltr'>Tradita</span> <span class='ocrx_word' id='word_1_84' title='bbox 464 1733 559 1763; x_wconf 88' lang='lat' dir='ltr'>sunt</span> <span class='ocrx_word' id='word_1_85' title='bbox 580 1723 681 1762; x_wconf 89' lang='lat' dir='ltr'>tristi</span> <span class='ocrx_word' id='word_1_86' title='bbox 704 1736 873 1763; x_wconf 91' lang='lat' dir='ltr'>munere</span> <span class='ocrx_word' id='word_1_87' title='bbox 895 1723 942 1763; x_wconf 89' lang='lat' dir='ltr'>ad</span> <span class='ocrx_word' id='word_1_88' title='bbox 967 1723 1139 1776; x_wconf 86' lang='lat' dir='ltr'>inferias,</span> 
     </span>
    </p>

    <p class='ocr_par' dir='ltr' id='par_1_11' title="bbox 210 1799 1266 1931">
     <span class='ocr_line' id='line_1_18' title="bbox 210 1799 1124 1852; baseline -0.001 -11"><span class='ocrx_word' id='word_1_89' title='bbox 210 1801 365 1852; x_wconf 88' lang='lat' dir='ltr'>Accipe</span> <span class='ocrx_word' id='word_1_90' title='bbox 388 1800 563 1839; x_wconf 85' lang='lat' dir='ltr'>fraterno</span> <span class='ocrx_word' id='word_1_91' title='bbox 585 1799 763 1840; x_wconf 90' lang='lat' dir='ltr'>multum</span> <span class='ocrx_word' id='word_1_92' title='bbox 786 1801 993 1840; x_wconf 87' lang='lat' dir='ltr'>manantia</span> <span class='ocrx_word' id='word_1_93' title='bbox 1014 1800 1124 1852; x_wconf 87' lang='lat' dir='ltr'>fletu,</span> 
     </span>
     <span class='ocr_line' id='line_1_19' title="bbox 270 1877 1266 1931; baseline 0.002 -14"><span class='ocrx_word' id='word_1_94' title='bbox 270 1877 410 1931; x_wconf 91' lang='lat' dir='ltr'>Atque</span> <span class='ocrx_word' id='word_1_95' title='bbox 433 1877 473 1916; x_wconf 91' lang='lat' dir='ltr'>in</span> <span class='ocrx_word' id='word_1_96' title='bbox 497 1887 751 1929; x_wconf 90' lang='lat' dir='ltr'>perpetuum,</span> <span class='ocrx_word' id='word_1_97' title='bbox 775 1877 908 1929; x_wconf 87' lang='lat' dir='ltr'>frater,</span> <span class='ocrx_word' id='word_1_98' title='bbox 931 1891 1003 1918; x_wconf 92' lang='lat' dir='ltr'>ave</span> <span class='ocrx_word' id='word_1_99' title='bbox 1023 1887 1145 1931; x_wconf 86' lang='lat' dir='ltr'>atque</span> <span class='ocrx_word' id='word_1_100' title='bbox 1166 1878 1266 1919; x_wconf 89' lang='lat' dir='ltr'>vale.</span> 
     </span>
    </p>
   </div>
  </div>
 </body>
</html>
