1649 2454
736 221 791 264 79

1107 314 1184 341 mv,
1203 303 1356 344 280-299.

165 403 345 443 Advenit
368 402 526 444 Chiron
551 413 711 456 portans
733 404 924 444 silvestria
946 405 1076 446 dona:

165 479 275 519 Nam
289 493 568 534 quoscumque
583 480 719 520 ferunt
733 481 879 533 campi,
891 496 990 534 quos
1001 480 1198 522 Thessala
1213 484 1369 536 magnis

164 556 381 596 Montibus
403 571 472 597 ora
493 567 614 609 creat,
638 571 738 610 quos
762 567 922 609 propter
944 558 1122 598 fluminis
1144 559 1270 599 undas

164 634 278 674 Aura
300 634 400 686 parit
423 634 537 674 flores
559 634 681 687 tepidi
706 634 879 675 fecunda
901 635 1070 688 Favoni,

166 711 253 751 Hos
276 711 516 751 indistinctis
539 710 676 764 plexos
699 711 792 752 tulit
815 713 894 765 ipse
917 713 1089 766 corollis,

165 790 265 845 Qo
288 788 487 840 permulsa
509 788 653 829 domus
676 790 854 830 iucundo
877 791 960 830 risit
982 791 1117 832 odore.

165 865 395 906 Confestim
419 865 564 906 Penios
585 866 708 917 adest,
732 867 944 907 viridantia
965 866 1145 920 Tempe,

164 942 330 995 Tempe
352 957 454 996 quae
476 942 595 983 silvae
618 944 790 996 cingunt
812 957 928 996 super
950 945 1228 998 inpendentes,

167 1019 434 1059 Haemonisin
457 1019 645 1073 linquens
668 1019 791 1061 Doris
813 1020 1051 1062 celebranda
1072 1022 1241 1075 choreis,

166 1097 264 1137 Non
287 1110 460 1137 vacuus:
486 1112 663 1151 namque
686 1097 751 1137 ille
774 1097 868 1137 tulit
891 1098 1080 1138 radicitus
1100 1098 1198 1139 altas

166 1173 295 1227 Fagos
315 1188 361 1214 ac
385 1184 494 1213 recto
516 1188 696 1226 proceras
718 1175 851 1227 stipite
873 1174 1019 1227 laurus,

166 1251 264 1290 Non
288 1251 372 1290 sine
396 1252 555 1290 nutanti
580 1250 742 1303 platano
765 1251 954 1305 lentaque
976 1266 1109 1292 sorore

167 1327 383 1367 Flammati
408 1327 673 1368 Phaethontis
694 1339 734 1368 et
756 1328 861 1368 aeria
882 1342 1082 1381 cupressu.

168 1404 282 1444 Haec
304 1405 459 1444 circum
480 1405 590 1444 sedes
612 1404 691 1444 late
714 1414 907 1445 contexta
928 1404 1087 1458 locavit,

167 1480 429 1520 Vestibulum
452 1491 497 1520 ut
520 1480 632 1520 molli
656 1479 835 1520 velatum
859 1480 1001 1520 fronde
1022 1481 1180 1522 vireret.

167 1556 262 1597 Post
286 1558 395 1597 hunc
417 1558 678 1611 consequitur
699 1556 848 1597 sollerti
871 1557 990 1597 corde
1014 1556 1293 1611 Prometheus,

167 1633 401 1675 Extenuata
422 1648 563 1688 gerens
584 1635 727 1674 veteris
748 1635 913 1688 vestigia
935 1649 1100 1687 poenae,

168 1713 309 1768 Qam
331 1711 538 1765 quondam
560 1710 659 1751 silici
683 1712 885 1752 restrictus
907 1712 1090 1752 membra
1111 1723 1253 1753 catena

169 1787 363 1829 Persolvit
386 1788 564 1841 pendens
586 1804 608 1828 e
630 1789 845 1828 verticibus
867 1789 1100 1841 praeruptis.

168 1865 270 1906 Inde
292 1876 402 1918 pater
424 1865 560 1906 divom
582 1876 720 1906 sancta
741 1879 837 1906 cum
859 1865 1032 1919 coniuge
1054 1866 1238 1920 natisque
