1649 2454
737 199 793 253 69

1138 301 1217 328 mv,
1237 291 1346 330 80-99.

167 393 408 448 Cecropiam
431 395 589 436 solitam
613 409 694 434 esse
717 394 860 446 dapem
884 394 976 434 dare
1001 393 1256 434 Minotauro.

167 472 274 528 Qis
295 482 464 526 angusta
485 471 599 511 malis
621 485 717 511 cum
740 471 903 510 moenia
925 481 1182 523 vexarentur,

165 547 254 601 Ipse
276 563 394 589 suum
417 548 606 589 Theseus
629 563 698 601 pro
721 548 821 588 caris
842 561 987 600 corpus
1009 547 1186 588 Athenis

167 623 351 664 Proicere
373 625 524 677 optavit
547 625 679 677 potius
700 637 823 677 quam
846 622 940 663 talia
963 622 1131 663 Cretam

167 700 327 741 Funera
350 700 572 753 Cecropiae
596 715 670 740 nec
695 700 836 740 funera
858 710 1128 753 portarentur,

166 778 306 830 Atque
331 778 384 817 ita
406 792 507 817 nave
529 777 604 817 levi
629 778 763 817 nitens
784 791 830 817 ac
854 776 1011 816 lenibus
1032 777 1137 817 auris

168 853 488 908 Magnanimum
510 854 558 894 ad
584 853 732 894 Minoa
753 854 864 893 venit
886 853 1078 907 sedesque
1100 854 1302 907 superbas.

168 931 294 971 Hunc
316 931 436 971 simul
457 945 503 971 ac
525 931 672 983 cupido
694 931 903 983 conspexit
926 930 1082 971 lumine
1104 932 1216 985 virgo

167 1007 310 1062 Regia,
333 1022 456 1062 quam
478 1009 607 1048 suavis
628 1009 813 1060 expirans
836 1018 966 1048 castus
988 1008 1129 1048 odores

167 1084 362 1125 Lectulus
385 1086 425 1124 in
449 1084 561 1124 molli
585 1084 789 1138 conplexu
811 1086 949 1125 matris
971 1084 1114 1138 alebat,

166 1161 320 1218 Qales
342 1161 520 1202 Eurotae
543 1163 791 1216 progignunt
813 1162 983 1202 flumina
1006 1172 1163 1218 myrtus

165 1239 330 1280 Aurave
352 1239 561 1279 distinctos
583 1239 719 1279 educit
741 1253 864 1279 verna
885 1238 1052 1291 colores,

167 1316 265 1356 Non
289 1316 395 1369 prius
417 1330 466 1355 ex
492 1315 559 1355 illo
581 1316 788 1369 flagrantia
810 1315 1027 1356 declinavit

167 1393 361 1446 Lumina,
383 1407 506 1447 quam
530 1403 680 1433 cuncto
702 1394 890 1446 concepit
913 1407 1080 1446 corpore
1103 1393 1310 1433 flammam

167 1470 368 1512 Funditus
389 1480 510 1524 atque
533 1470 624 1510 imis
645 1471 791 1510 exarsit
813 1480 899 1511 tota
921 1470 1120 1511 medullis.

168 1548 264 1588 Heu
286 1548 429 1588 misere
451 1548 659 1601 exagitans
681 1548 814 1587 inmiti
839 1547 958 1588 corde
981 1548 1133 1588 furores

167 1625 312 1666 Sancte
336 1639 446 1677 puer,
470 1625 574 1665 curis
598 1625 814 1664 hominum
837 1625 905 1678 qui
929 1625 1073 1678 gaudia
1095 1625 1251 1677 misces,

168 1703 369 1759 Qaeque
393 1702 494 1755 regis
516 1700 673 1755 Golgos
695 1716 878 1755 quaeque
900 1700 1076 1742 Idalium
1100 1702 1351 1755 frondosum,

169 1778 370 1836 Qalibus
392 1779 598 1818 incensam
623 1779 794 1818 iactastis
816 1788 955 1818 mente
979 1777 1155 1831 puellam

168 1856 393 1908 Fluctibus,
417 1857 458 1896 in
481 1856 582 1897 flavo
604 1870 719 1909 saepe
742 1857 897 1909 hospite
919 1853 1212 1909 suspirantem!
