1716 2511
917 214 940 256 8

875 333 981 374 VIII

332 444 478 484 MISER
501 443 678 496 Catulle,
703 444 857 484 desinas
880 445 1065 497 ineptire,

330 519 387 561 Et
408 521 517 574 quod
540 520 650 561 vides
672 521 814 573 perisse
838 520 1040 573 perditum
1063 521 1196 561 ducas.

331 596 365 636 F
367 596 496 637 ulsere
518 597 724 651 quondam
748 596 906 637 candidi
931 598 1002 637 tibi
1026 597 1140 650 soles,

331 673 443 715 Cum
467 675 690 714 ventitabas
712 689 794 728 quo
817 673 948 726 puella
969 674 1155 715 ducebat.

330 753 483 792 Amata
505 752 618 791 nobis
641 761 841 805 quantum
864 751 1066 791 amabitur
1088 750 1211 791 nulla.

330 828 390 869 Ibi
416 828 482 868 illa
504 827 633 868 multa
654 838 744 867 tum
769 828 901 867 iocosa
922 825 1088 880 fiebant,

331 906 451 962 Qae
474 916 518 945 tu
541 904 701 945 volebas
724 918 798 943 nec
822 903 954 956 puella
976 904 1152 944 nolebat.

330 982 364 1023 F
367 982 494 1023 ulsere
516 996 608 1022 vere
631 981 790 1021 candidi
814 981 885 1021 tibi
908 980 1022 1021 soles.

330 1060 458 1100 Nunc
481 1060 560 1099 iarn
585 1058 651 1099 illa
672 1073 755 1099 non
778 1058 891 1098 vult:
916 1068 962 1098 tu
984 1073 1161 1112 quoque,
1185 1059 1400 1111 impotens,
1424 1058 1506 1099 noli

331 1136 421 1176 Nec
443 1150 546 1190 quae
570 1136 673 1189 fugit
694 1144 859 1186 sectare,
883 1149 959 1174 nec
981 1135 1101 1174 miser
1122 1135 1225 1187 vive,

330 1212 405 1254 Sed
428 1213 629 1253 obstinata
651 1222 790 1252 mente
812 1212 954 1264 perfer,
977 1211 1142 1252 obdura.

331 1289 448 1341 Vale,
473 1288 628 1341 puella:
655 1289 733 1328 iam
758 1287 945 1328 Catullus
966 1287 1150 1340 obdurat,

330 1366 421 1406 Nec
444 1376 484 1405 te
509 1366 684 1419 requiret
706 1379 782 1405 nec
805 1364 960 1417 rogabit
984 1365 1178 1405 invitam:

330 1443 389 1482 At
411 1452 457 1482 tu
479 1441 644 1494 dolebis,
668 1455 763 1481 cum
787 1441 986 1495 rogaberis
1009 1440 1132 1481 nulla.

329 1519 515 1572 Scelesta,
539 1534 609 1560 vae
633 1516 697 1559 te!
721 1533 824 1572 quae
846 1518 918 1558 tibi
942 1528 1081 1558 manet
1102 1515 1209 1558 vita!

330 1597 436 1653 Qis
458 1611 570 1637 nunc
593 1606 633 1636 te
654 1595 808 1636 adibit?
830 1595 895 1635 cui
918 1595 1114 1635 videberis
1138 1594 1265 1636 bella?

330 1675 471 1730 Qem
495 1687 605 1713 nunc
627 1671 805 1713 amabis?
827 1673 940 1712 cuius
962 1687 1043 1712 esse
1066 1671 1235 1712 diceris?

330 1752 471 1808 Qem
495 1748 689 1791 basiabis?
711 1742 779 1789 cui
800 1748 942 1789 labella
964 1748 1191 1789 mordebis?

328 1828 389 1868 At
410 1837 470 1881 tu,
494 1826 671 1879 Catulle,
695 1826 916 1867 destinatus
937 1826 1104 1867 obdura.
