1649 2454
763 208 812 251 71

1110 299 1188 326 cxiv,
1211 297 1301 318 120—1
1311 297 1361 328 39.

223 391 343 447 Qae
366 391 508 430 misera
531 391 573 429 in
596 400 718 443 gnata
740 390 946 443 deperdita
968 390 1202 443 laetabatur,

222 467 432 509 Omnibus
455 467 515 506 his
537 466 691 507 Thesei
716 466 878 507 dulcem
902 468 1143 520 praeoptarit
1164 482 1360 520 amorem,

220 544 308 584 Aut
330 554 375 583 ut
398 554 513 583 vecta
535 544 607 583 rati
629 557 817 596 spumosa
837 543 886 583 ad
909 543 1025 584 litora
1047 542 1154 584 Diae

222 619 408 672 Venerit,
430 630 500 660 aut
522 630 567 660 ut
589 634 678 660 eam
702 620 933 660 devinctam
956 619 1113 661 lumina
1133 635 1278 661 somno

221 695 406 749 Liquerit
429 697 643 736 inmemori
669 695 875 737 discedens
897 707 1058 750 pectore
1080 696 1290 738 coniunx?

221 771 344 825 Saepe
368 772 477 812 illam
502 774 715 826 perhibent
737 773 892 814 ardenti
917 774 1037 814 corde
1061 774 1265 814 furentem

221 848 449 890 Clarisonas
472 851 555 890 imo
578 850 722 891 fudisse
745 865 766 890 e
789 861 951 904 pectore
972 865 1103 904 voces,

220 927 285 967 Ac
308 938 398 967 tum
421 938 652 980 praeruptos
674 929 829 968 tristem
853 928 1123 968 conscendere
1146 939 1320 982 montes,

223 1003 345 1043 Vnde
368 1004 496 1043 aciem
522 1004 562 1043 in
588 1004 714 1058 pelagi
739 1015 867 1045 vastos
891 1005 1147 1057 protenderet
1168 1016 1312 1058 aestus,

220 1080 339 1121 Tum
363 1081 525 1121 tremuli
549 1081 638 1121 salis
659 1082 840 1122 adversas
863 1096 1095 1135 procurrere
1118 1083 1158 1123 in
1182 1084 1309 1124 undas

223 1157 372 1198 Mollia
394 1158 568 1198 nudatae
592 1158 805 1199 tollentem
828 1161 1008 1213 tegmina
1030 1174 1157 1212 surae,

220 1235 360 1288 Atque
384 1236 481 1275 haec
504 1236 694 1275 extremis
716 1246 909 1276 maestam
933 1237 1076 1277 dixisse
1098 1237 1283 1291 querelis,

221 1311 448 1366 Frigidulos
470 1311 551 1352 udo
572 1312 771 1366 singultus
792 1327 860 1353 ore
883 1314 1073 1354 cientem.

281 1388 435 1430 ‘Sicine
457 1403 524 1429 me
547 1390 681 1441 patriis
702 1400 898 1442 avectam,
923 1389 1086 1444 perfide,
1109 1392 1158 1431 ab
1180 1392 1268 1432 aris.

221 1463 390 1517 Perside,
415 1465 569 1505 deserto
592 1465 740 1520 liquisti
765 1467 806 1506 in
831 1466 960 1519 litore,
984 1467 1180 1508 Theseu?

219 1540 352 1582 Sicine
374 1541 579 1581 discedens
601 1542 787 1596 neglecto
810 1544 981 1583 numine
1003 1544 1140 1584 divom

220 1616 431 1657 Inmemor
451 1632 474 1657 a
496 1618 640 1658 devota
662 1618 832 1659 domum
856 1621 1027 1672 periuria
1050 1621 1208 1673 portas?

220 1694 400 1734 Nullane
424 1709 482 1735 res
505 1697 636 1747 potuit
659 1696 830 1736 crudelis
852 1697 1012 1738 flectere
1035 1700 1183 1739 mentis

220 1769 476 1811 Consilium?
498 1772 570 1811 tibi
594 1771 706 1812 nulla
728 1772 804 1812 fuit
827 1772 1045 1815 clementia
1068 1785 1236 1829 praesto,

218 1846 370 1888 Inmite
392 1858 437 1888 ut
459 1849 583 1888 nostri
605 1848 726 1889 vellet
748 1850 1002 1892 miserescere
1024 1852 1189 1904 pectus?
