1649 2454
812 182 866 224 70

239 274 316 302 mov,
338 273 429 293 loo-1
442 273 489 303 19.

232 369 423 425 Qantos
446 366 512 407 illa
534 366 628 408 tulit
651 367 861 421 languenti
886 367 1005 407 corde
1028 365 1220 408 timores!

234 445 406 501 Qanto
427 458 543 496 saepe
567 444 693 498 magis
717 443 872 497 fulgore
894 443 1088 496 expalluit
1111 442 1222 484 auri!

233 520 345 563 Cum
367 535 531 562 saevum
555 522 721 573 cupiens
743 530 886 561 contra
908 521 1155 561 contendere
1179 532 1407 562 monstrum

233 600 322 639 Aut
346 608 520 638 mortem
544 608 749 651 appeteret
772 597 963 638 Theseus
984 608 1054 638 aut
1077 599 1254 651 praemia
1274 599 1415 639 laudis.

231 676 330 716 Non
354 676 510 729 ingrata
532 686 670 715 tamen
695 675 840 715 frustra
863 675 1107 715 munuscula
1129 675 1229 715 divis

230 752 479 794 Promittens
500 753 626 792 tacito
647 752 859 792 succendit
882 762 977 792 vota
1001 752 1158 792 labello.

232 831 342 870 Nam
367 830 477 870 velut
501 830 542 869 in
565 843 728 869 summo
750 829 1005 882 quatientem
1030 830 1191 869 brachia
1214 829 1359 870 Tauro

231 910 447 966 Qercum
470 917 539 947 aut
562 907 796 960 conigeram
819 906 978 946 sudanti
1005 907 1156 947 cortice
1180 908 1324 960 pinum

230 984 460 1025 Indomitus
483 983 603 1023 turbo
625 991 901 1036 contorquens
924 982 1088 1023 flamine
1112 984 1233 1023 robur

227 1060 347 1102 Eruit
370 1060 452 1115 (illa
475 1059 614 1112 procul
638 1059 825 1099 radicitus
848 1060 1061 1100 exturbata

228 1137 362 1178 Prona
383 1136 503 1188 cadit,
527 1136 687 1189 lateque
710 1137 836 1176 comis
858 1136 966 1176 cadit
989 1137 1108 1176 obvia
1133 1136 1352 1191 frangens),

228 1214 292 1256 Sic
315 1214 472 1255 domito
494 1227 657 1254 saevum
684 1214 894 1266 prostravit
917 1228 1085 1266 corpore
1102 1213 1292 1254 Theseus

229 1292 494 1346 Nequiquam
517 1291 629 1331 vanis
653 1292 873 1331 iactantem
897 1305 1051 1331 cornua
1072 1291 1215 1331 ventis.

227 1369 329 1410 Inde
352 1369 496 1422 pedem
519 1383 650 1421 sospes
673 1368 803 1408 multa
825 1382 921 1408 cum
945 1368 1062 1408 laude
1086 1368 1241 1408 reflexit

227 1446 468 1489 Errabunda
490 1461 631 1500 regens
653 1446 766 1486 tenui
790 1446 958 1500 vestigia
980 1444 1064 1498 filo,

227 1525 294 1565 Ne
318 1524 581 1579 labyrintheis
603 1539 625 1563 e
647 1523 818 1564 flexibus
841 1523 1120 1577 egredientem

227 1600 353 1642 Tecti
378 1601 635 1641 frustraretur
659 1599 958 1640 inobservabilis
981 1614 1102 1641 error.

227 1678 303 1719 Sed
326 1678 422 1732 quid
446 1692 522 1731 ego
544 1692 567 1718 a
589 1678 719 1730 primo
743 1677 938 1731 digressus
961 1678 1142 1717 carmine
1165 1676 1278 1730 plura

227 1755 566 1807 Conmemorem,
591 1765 636 1795 ut
659 1754 847 1808 linquens
869 1755 1062 1808 genitoris
1084 1752 1166 1794 filia
1189 1754 1361 1808 voltum,

227 1833 286 1873 Vt
309 1833 703 1886 consanguinearum
727 1832 978 1885 amplexum,
1002 1841 1047 1872 ut
1071 1831 1247 1885 denique
1271 1832 1422 1885 matris,
