1649 2454
817 187 871 240 56

781 312 908 354 LXII

212 435 377 476 VEsPER
399 435 523 488 adest,
549 437 727 489 iuvenes,
752 438 984 491 consurgite
1005 452 1014 479 ε
1041 438 1196 491 Vesper
1219 438 1406 494 Olympo

213 511 441 566 Expectata
462 513 531 552 diu
553 513 620 553 vix
644 514 809 554 tandem
834 514 991 555 lumina
1013 515 1132 556 tollit.

211 588 382 643 Surgere
406 590 485 630 iam
509 601 682 644 tempus,
707 592 786 631 iam
811 592 970 646 pinguis
992 592 1176 646 linquere
1199 606 1381 643 mensas3

211 666 299 707 Iam
322 668 459 707 veniet
481 667 607 721 virgo,
633 668 712 707 iam
737 668 893 708 dicetur
918 669 1196 724 Hymenaeus.

272 744 442 799 Hymen
465 759 489 784 o
515 744 771 799 Hymenaee,
797 745 965 800 Hymen
989 745 1081 786 ades
1102 760 1127 786 ο
1151 745 1392 801 Hymenaee
1413 744 1421 787 !

211 848 403 902 Cernitis,
429 849 638 902 innuptae,
664 849 861 890 iuvenes?
883 851 1115 905 consurgite
1137 861 1303 892 contra:

211 926 423 966 Nimirum
447 925 628 968 Oetaeos
650 927 827 966 ostendit
852 927 1024 967 noctifer
1047 928 1172 982 ignes.

209 1003 274 1045 Sic
297 1014 405 1044 certe
428 1014 512 1053 est3
540 1004 660 1043 viden
685 1014 731 1043 ut
754 1005 970 1057 perniciter
992 1005 1195 1046 exiluere?

210 1081 309 1121 Non
333 1091 486 1121 temere
508 1081 686 1122 exiluere
704 1100 715 1132 ;
740 1092 889 1122 canent
912 1082 1020 1136 quod
1043 1083 1170 1123 visere
1194 1097 1261 1135 par
1285 1093 1356 1123 est.

272 1159 441 1214 Hymen
465 1174 489 1200 o
514 1159 770 1215 Hymenaee,
796 1159 965 1215 Hymen
988 1159 1080 1200 ades
1101 1175 1125 1201 o
1150 1157 1417 1216 Hymenaee!

210 1264 309 1304 Non
334 1263 458 1304 facilis
481 1265 610 1317 nobis,
633 1264 831 1318 aequales,
856 1264 988 1318 palma
1011 1275 1146 1318 parata
1167 1275 1240 1317 est,

210 1340 434 1394 Adspicite,
458 1341 654 1394 innuptae
676 1354 815 1381 secum
839 1351 885 1381 ut
908 1341 1102 1382 meditata
1124 1342 1347 1395 requirunt.

210 1418 309 1458 Non
333 1419 477 1458 frustra
499 1418 763 1471 meditantur,
788 1419 938 1459 habent
961 1418 1224 1459 memorabile
1247 1418 1355 1473 quod
1377 1419 1440 1459 sit.

211 1496 302 1536 Nec
325 1496 489 1548 mirum,
515 1496 675 1549 penitus
696 1511 800 1550 quae
822 1506 907 1536 tota
930 1506 1069 1536 mente
1092 1496 1288 1536 laborant.

211 1574 300 1614 Nos
322 1573 400 1614 alio
423 1583 594 1625 mentes,
618 1573 696 1614 alio
719 1573 926 1614 divisimus
947 1588 1086 1614 aures:

209 1650 303 1691 Iure
326 1651 449 1705 igitur
470 1651 708 1700 vincemur;
732 1661 841 1691 amat
863 1651 1031 1691 victoria
1052 1664 1205 1691 curam.

211 1728 352 1785 Qare
375 1742 486 1768 nunc
509 1728 666 1767 animos
687 1727 828 1767 saltem
851 1729 1076 1768 convertite
1099 1738 1262 1780 vestros,

211 1804 362 1846 Dicere
387 1806 466 1845 iam
490 1805 701 1857 incipient,
726 1806 805 1845 iam
830 1805 1067 1858 respondere
1090 1805 1261 1845 decebit.

271 1882 440 1938 Hymen
464 1897 488 1922 o
512 1882 769 1936 Hymenaee,
795 1882 964 1937 Hymen
988 1882 1079 1922 ades
1102 1897 1126 1921 0
1151 1879 1418 1937 Hymenaee!
