1649 2454
800 203 856 244 60

754 349 902 390 LXIII

227 481 359 523 SVPER
381 481 461 522 alta
481 492 620 522 vectus
643 482 754 522 Attis
776 482 893 522 celeri
918 491 1001 522 rate
1024 482 1150 521 maria

228 559 453 614 Phrygium
475 569 521 598 ut
544 573 689 599 nemus
711 560 834 599 citato
857 559 1002 612 cupide
1025 558 1123 611 pede
1146 558 1279 612 tetigit

228 636 425 690 Adiitque
448 651 572 689 opaca
593 636 699 676 silvis
722 636 907 676 redimita
930 636 1018 676 loca
1039 635 1150 687 deae,

227 713 464 755 Stimulatus
487 714 538 753 ibi
564 714 712 753 furenti
738 714 859 766 rabie,
882 727 1006 767 vagus
1027 713 1168 764 animi,

229 790 424 831 Devolvit
448 790 487 830 ili
512 801 633 830 acuto
655 791 726 830 sibi
751 791 928 843 pondera
950 789 1072 830 silice.

228 867 371 921 Itaque
394 877 438 906 ut
462 866 601 907 relicta
623 868 745 907 sensit
767 868 839 907 sibi
864 867 1048 906 membra
1068 866 1154 906 sine
1178 866 1277 918 viro,

228 944 367 985 Etiam
390 954 552 983 recente
575 954 704 983 terrae
725 943 808 983 sola
830 943 1026 997 sanguine
1050 941 1270 994 maculans,

228 1022 370 1062 Niveis
393 1021 514 1061 citata
537 1022 643 1073 cepit
667 1021 854 1061 manibus
877 1020 963 1060 leve
986 1029 1200 1075 typanum‚

228 1098 471 1154 Typanum,
496 1098 636 1138 tubam
661 1097 864 1154 Cybebes,
888 1108 971 1150 tua,
995 1105 1137 1149 mater,
1163 1096 1290 1148 initia,

229 1176 513 1233 Qatiensque
536 1185 648 1229 terga
670 1175 771 1215 tauri
797 1176 944 1215 teneris
967 1189 1063 1214 cava
1085 1173 1219 1227 digitis

229 1254 389 1295 Canere
413 1254 511 1292 haec
534 1253 612 1292 suis
634 1252 773 1292 adorta
795 1261 852 1292 est
875 1250 1143 1291 tremebunda
1165 1250 1407 1290 comitibus:

229 1332 376 1385 ‘Agite
400 1332 454 1370 ite
477 1330 526 1370 ad
549 1330 642 1382 alta,
667 1328 827 1382 Gallae,
852 1327 1028 1384 Cybeles
1052 1342 1218 1367 nemora
1238 1326 1373 1378 simul,

228 1408 356 1450 Simul
380 1409 448 1461 ite,
473 1407 765 1463 Dindymenae
787 1406 976 1446 dominae
999 1419 1099 1459 vaga
1121 1418 1277 1457 pecora,

229 1486 379 1527 Aliena
400 1500 502 1539 quae
527 1495 708 1537 petentes
730 1483 840 1523 velut
864 1482 1002 1523 exules
1024 1481 1125 1534 loca,

228 1565 388 1606 Sectam
413 1577 547 1602 meam
570 1572 764 1602 executae
787 1561 890 1601 duce
914 1574 979 1600 me
1003 1559 1102 1599 mihi
1126 1558 1310 1610 comites,

230 1641 437 1682 Rabidum
460 1639 589 1679 salum
613 1638 758 1678 tulistis
781 1637 1093 1690 truculentaque
1121 1635 1248 1689 pelagi

229 1719 284 1760 Et
307 1732 451 1771 corpus
473 1716 650 1756 evirastis
672 1715 846 1755 Veneris
870 1714 998 1754 nimio
1020 1713 1127 1764 odio,

232 1796 413 1836 Hilarate
437 1809 526 1834 erae
549 1793 680 1833 citatis
703 1792 902 1832 erroribus
923 1791 1123 1830 animum.

231 1873 355 1915 Mora
376 1871 488 1913 tarda
510 1880 649 1910 mente
672 1869 813 1910 cedat:
838 1867 957 1909 simul
983 1868 1052 1920 ite,
1074 1866 1289 1921 sequimini
