1649 2454
875 192 929 246 76

327 292 404 319 Lx1v‚
424 291 520 312 220-z
527 291 541 320 3
548 292 577 321 9.

330 382 463 436 Eripit
487 384 614 424 invito
637 385 736 424 mihi
762 395 814 438 te,
838 386 902 425 cui
927 385 1116 440 languida
1138 387 1323 427 nondum

330 463 511 504 Lumina
532 472 626 502 sunt
649 463 759 515 gnati
784 477 874 502 cara
895 473 1070 503 saturata
1090 461 1243 517 figura:

329 541 428 581 Non
452 554 527 593 ego
549 549 589 579 te
612 540 789 593 gaudens
811 541 976 580 laetanti
1001 552 1162 594 pectore
1184 542 1361 595 mittam,

329 619 420 658 Nec
444 628 483 657 te
507 618 609 656 ferre
631 618 761 657 sinam
785 618 972 658 fortunae
994 619 1108 672 signa
1128 619 1341 672 secundae,

327 695 402 736 Sed
427 695 604 747 primum
628 694 774 734 multas
797 708 1033 746 expromam
1057 705 1195 735 mente
1217 695 1410 749 querelas,

328 771 536 812 Canitiem
560 782 664 811 terra
685 781 806 824 atque
830 771 961 811 infuso
985 771 1147 824 pulvere
1170 772 1347 824 foedans,

328 848 429 888 Inde
452 848 602 887 infecta
624 861 725 901 vago
747 847 988 900 suspendam
1012 847 1137 888 lintea
1158 848 1279 901 malo,

329 926 499 965 Nostros
522 935 567 964 ut
590 925 722 964 luctus
745 934 984 978 nostraeque
1008 925 1196 964 incendia
1218 927 1366 966 mentis

328 1002 527 1043 Carbasus
549 1002 760 1041 obscurata
781 1001 887 1041 dicet
910 1002 1113 1056 ferrugine
1138 1002 1303 1043 Hibera.

328 1079 454 1137 Qod
479 1079 550 1118 tibi
574 1079 603 1118 si
626 1079 754 1118 sancti
778 1080 1019 1119 concesserit
1043 1079 1175 1119 incola
1196 1078 1320 1132 Itoni,

328 1159 449 1214 Qae
472 1166 656 1196 nostrum
679 1170 806 1209 genus
827 1170 874 1195 ac
896 1156 1005 1196 sedes
1028 1156 1243 1196 defendere
1265 1155 1484 1197 Erechthei

328 1235 506 1285 Annuit,
530 1243 576 1273 ut
599 1233 701 1273 tauri
726 1247 925 1286 respergas
947 1234 1142 1287 sanguine
1165 1233 1364 1286 dextram,

327 1311 447 1352 Tum
471 1325 565 1350 vero
588 1310 710 1350 facito
732 1319 778 1350 ut
800 1310 971 1350 memori
995 1310 1066 1349 tibi
1091 1310 1254 1350 condita
1276 1310 1396 1350 corde

329 1389 442 1428 Haec
465 1389 627 1441 vigeant
651 1387 853 1439 mandata,
878 1401 953 1427 nec
976 1386 1057 1427 ulla
1078 1387 1282 1427 oblitteret
1304 1397 1423 1440 aetas,

328 1466 386 1507 Vt
408 1465 528 1505 simul
550 1479 595 1505 ac
620 1475 774 1504 nostros
798 1464 971 1504 invisent
994 1463 1150 1504 lumina
1171 1464 1305 1516 colles,

328 1542 549 1582 Funestam
573 1550 775 1581 antennae
798 1541 1003 1593 deponant
1026 1541 1206 1594 undique
1228 1551 1396 1593 vestem,

327 1619 594 1672 Candidaque
618 1618 755 1657 intorti
779 1617 991 1657 sustollant
1013 1617 1100 1657 vela
1122 1617 1323 1670 rudentes,

328 1698 469 1753 Qam
492 1696 669 1748 primum
693 1709 862 1734 cernens
884 1705 929 1734 ut
953 1694 1056 1734 laeta
1078 1694 1222 1747 gaudia
1243 1704 1383 1735 mente

329 1775 578 1828 Agnoscam,
601 1787 697 1812 cum
721 1782 760 1811 te
784 1772 974 1811 reducem
996 1782 1102 1811 aetas
1124 1786 1309 1824 prospera
1329 1771 1469 1812 sistet.’

329 1852 442 1891 Haec
466 1850 655 1890 mandata
679 1850 785 1902 prius
806 1849 1007 1888 constanti
1032 1858 1170 1888 mente
1193 1857 1403 1888 tenentem
