<?xml version="1.0" encoding="UTF-8"?>
<!DOCTYPE html PUBLIC "-//W3C//DTD XHTML 1.0 Transitional//EN"
    "http://www.w3.org/TR/xhtml1/DTD/xhtml1-transitional.dtd">
<html xmlns="http://www.w3.org/1999/xhtml" xml:lang="en" lang="en">
 <head>
  <title>
</title>
<meta http-equiv="Content-Type" content="text/html;charset=utf-8" />
  <meta name='ocr-system' content='tesseract 3.04.00' />
  <meta name='ocr-capabilities' content='ocr_page ocr_carea ocr_par ocr_line ocrx_word'/>
</head>
<body>
  <div class='ocr_page' id='page_1' title='image "./carminaselecta00catuuoft_0129.png"; bbox 0 0 1649 2454; ppageno 0'>
   <div class='ocr_carea' id='block_1_1' title="bbox 742 218 794 262">
    <p class='ocr_par' dir='ltr' id='par_1_1' title="bbox 742 218 794 262">
     <span class='ocr_line' id='line_1_1' title="bbox 742 218 794 262; baseline -0.038 0"><span class='ocrx_word' id='word_1_1' title='bbox 742 218 794 262; x_wconf 87' lang='grc'>75</span> 
     </span>
    </p>
   </div>
   <div class='ocr_carea' id='block_1_2' title="bbox 1071 309 1320 340">
    <p class='ocr_par' dir='ltr' id='par_1_2' title="bbox 1071 309 1320 340">
     <span class='ocr_line' id='line_1_2' title="bbox 1071 309 1320 340; baseline 0.004 -10"><span class='ocrx_word' id='word_1_2' title='bbox 1071 311 1148 338; x_wconf 76' lang='lat' dir='ltr'>Lx1v,</span> <span class='ocrx_word' id='word_1_3' title='bbox 1167 309 1320 340; x_wconf 85' lang='lat'>200-219.</span> 
     </span>
    </p>
   </div>
   <div class='ocr_carea' id='block_1_3' title="bbox 187 401 1331 1841">
    <p class='ocr_par' dir='ltr' id='par_1_3' title="bbox 197 401 1210 608">
     <span class='ocr_line' id='line_1_3' title="bbox 197 401 1169 455; baseline -0.001 -12"><span class='ocrx_word' id='word_1_4' title='bbox 197 403 283 443; x_wconf 92' lang='lat' dir='ltr'>Vos</span> <span class='ocrx_word' id='word_1_5' title='bbox 305 402 430 443; x_wconf 90' lang='lat' dir='ltr'>nolite</span> <span class='ocrx_word' id='word_1_6' title='bbox 454 403 533 455; x_wconf 91' lang='lat' dir='ltr'>pati</span> <span class='ocrx_word' id='word_1_7' title='bbox 557 411 739 442; x_wconf 90' lang='lat' dir='ltr'>nostrum</span> <span class='ocrx_word' id='word_1_8' title='bbox 762 416 974 442; x_wconf 82' lang='lat' dir='ltr'>vanescere</span> <span class='ocrx_word' id='word_1_9' title='bbox 996 401 1169 455; x_wconf 88' lang='lat' dir='ltr'>luctum,</span> 
     </span>
     <span class='ocr_line' id='line_1_4' title="bbox 198 477 1210 533; baseline -0.001 -14"><span class='ocrx_word' id='word_1_10' title='bbox 198 478 273 520; x_wconf 91' lang='lat' dir='ltr'>Sed</span> <span class='ocrx_word' id='word_1_11' title='bbox 296 479 401 533; x_wconf 91' lang='lat' dir='ltr'>quali</span> <span class='ocrx_word' id='word_1_12' title='bbox 425 478 550 518; x_wconf 87' lang='lat' dir='ltr'>solam</span> <span class='ocrx_word' id='word_1_13' title='bbox 575 477 764 518; x_wconf 89' lang='lat' dir='ltr'>Theseus</span> <span class='ocrx_word' id='word_1_14' title='bbox 786 493 852 519; x_wconf 93' lang='lat' dir='ltr'>me</span> <span class='ocrx_word' id='word_1_15' title='bbox 874 489 1013 519; x_wconf 92' lang='lat' dir='ltr'>mente</span> <span class='ocrx_word' id='word_1_16' title='bbox 1035 479 1210 532; x_wconf 90' lang='lat' dir='ltr'>reliquit,</span> 
     </span>
     <span class='ocr_line' id='line_1_5' title="bbox 197 554 1168 608; baseline 0 -14"><span class='ocrx_word' id='word_1_17' title='bbox 197 554 293 595; x_wconf 92' lang='lat' dir='ltr'>Tali</span> <span class='ocrx_word' id='word_1_18' title='bbox 319 565 470 607; x_wconf 89' lang='lat' dir='ltr'>mente,</span> <span class='ocrx_word' id='word_1_19' title='bbox 494 555 604 607; x_wconf 85' lang='lat' dir='ltr'>deae,</span> <span class='ocrx_word' id='word_1_20' title='bbox 629 555 804 594; x_wconf 89' lang='lat' dir='ltr'>funestet</span> <span class='ocrx_word' id='word_1_21' title='bbox 826 569 947 608; x_wconf 87' lang='lat' dir='ltr'>seque</span> <span class='ocrx_word' id='word_1_22' title='bbox 969 554 1168 608; x_wconf 87' lang='lat' dir='ltr'>suosque.’</span> 
     </span>
    </p>

    <p class='ocr_par' dir='ltr' id='par_1_4' title="bbox 194 631 1287 837">
     <span class='ocr_line' id='line_1_6' title="bbox 258 631 1287 685; baseline 0 -14"><span class='ocrx_word' id='word_1_23' title='bbox 258 631 341 672; x_wconf 88' lang='lat' dir='ltr'>Has</span> <span class='ocrx_word' id='word_1_24' title='bbox 364 641 575 685; x_wconf 89' lang='lat' dir='ltr'>postquam</span> <span class='ocrx_word' id='word_1_25' title='bbox 599 641 751 672; x_wconf 89' lang='lat' dir='ltr'>maesto</span> <span class='ocrx_word' id='word_1_26' title='bbox 775 631 952 684; x_wconf 89' lang='lat' dir='ltr'>profudit</span> <span class='ocrx_word' id='word_1_27' title='bbox 975 641 1135 684; x_wconf 89' lang='lat' dir='ltr'>pectore</span> <span class='ocrx_word' id='word_1_28' title='bbox 1156 646 1287 684; x_wconf 86' lang='lat' dir='ltr'>voces,</span> 
     </span>
     <span class='ocr_line' id='line_1_7' title="bbox 195 708 1123 761; baseline 0 -13"><span class='ocrx_word' id='word_1_29' title='bbox 195 708 444 761; x_wconf 87' lang='lat' dir='ltr'>Supplicium</span> <span class='ocrx_word' id='word_1_30' title='bbox 467 709 591 748; x_wconf 86' lang='lat' dir='ltr'>saevis</span> <span class='ocrx_word' id='word_1_31' title='bbox 613 722 831 760; x_wconf 89' lang='lat' dir='ltr'>exposcens</span> <span class='ocrx_word' id='word_1_32' title='bbox 853 708 974 748; x_wconf 87' lang='lat' dir='ltr'>anxia</span> <span class='ocrx_word' id='word_1_33' title='bbox 996 708 1123 760; x_wconf 87' lang='lat' dir='ltr'>factis,</span> 
     </span>
     <span class='ocr_line' id='line_1_8' title="bbox 194 784 1132 837; baseline 0 -13"><span class='ocrx_word' id='word_1_34' title='bbox 194 785 357 824; x_wconf 88' lang='lat' dir='ltr'>Annuit</span> <span class='ocrx_word' id='word_1_35' title='bbox 381 785 532 824; x_wconf 90' lang='lat' dir='ltr'>invicto</span> <span class='ocrx_word' id='word_1_36' title='bbox 555 784 771 824; x_wconf 89' lang='lat' dir='ltr'>caelestum</span> <span class='ocrx_word' id='word_1_37' title='bbox 797 785 965 824; x_wconf 92' lang='lat' dir='ltr'>numine</span> <span class='ocrx_word' id='word_1_38' title='bbox 988 794 1132 837; x_wconf 89' lang='lat' dir='ltr'>rector,</span> 
     </span>
    </p>

    <p class='ocr_par' dir='ltr' id='par_1_5' title="bbox 192 860 1263 1144">
     <span class='ocr_line' id='line_1_9' title="bbox 194 860 1241 917; baseline -0.001 -16"><span class='ocrx_word' id='word_1_39' title='bbox 194 862 294 917; x_wconf 84' lang='lat' dir='ltr'>Qo</span> <span class='ocrx_word' id='word_1_40' title='bbox 316 871 419 901; x_wconf 92' lang='lat' dir='ltr'>nutu</span> <span class='ocrx_word' id='word_1_41' title='bbox 442 860 559 901; x_wconf 86' lang='lat' dir='ltr'>tellus</span> <span class='ocrx_word' id='word_1_42' title='bbox 579 871 700 915; x_wconf 89' lang='lat' dir='ltr'>atque</span> <span class='ocrx_word' id='word_1_43' title='bbox 723 861 882 901; x_wconf 86' lang='lat' dir='ltr'>horrida</span> <span class='ocrx_word' id='word_1_44' title='bbox 904 871 1241 902; x_wconf 90' lang='lat' dir='ltr'>contremuerunt</span> 
     </span>
     <span class='ocr_line' id='line_1_10' title="bbox 193 938 1263 992; baseline -0.001 -13"><span class='ocrx_word' id='word_1_45' title='bbox 193 939 384 992; x_wconf 87' lang='lat' dir='ltr'>Aequora</span> <span class='ocrx_word' id='word_1_46' title='bbox 405 939 688 992; x_wconf 87' lang='lat' dir='ltr'>concussitque</span> <span class='ocrx_word' id='word_1_47' title='bbox 710 939 903 978; x_wconf 86' lang='lat' dir='ltr'>micantia</span> <span class='ocrx_word' id='word_1_48' title='bbox 924 938 1052 979; x_wconf 89' lang='lat' dir='ltr'>sidera</span> <span class='ocrx_word' id='word_1_49' title='bbox 1073 938 1263 978; x_wconf 86' lang='lat' dir='ltr'>mundus.</span> 
     </span>
     <span class='ocr_line' id='line_1_11' title="bbox 192 1015 1193 1069; baseline 0 -14"><span class='ocrx_word' id='word_1_50' title='bbox 192 1015 280 1068; x_wconf 92' lang='lat' dir='ltr'>Ipse</span> <span class='ocrx_word' id='word_1_51' title='bbox 302 1026 439 1055; x_wconf 90' lang='lat' dir='ltr'>autem</span> <span class='ocrx_word' id='word_1_52' title='bbox 463 1030 581 1055; x_wconf 89' lang='lat' dir='ltr'>caeca</span> <span class='ocrx_word' id='word_1_53' title='bbox 603 1025 786 1055; x_wconf 87' lang='lat' dir='ltr'>mentem</span> <span class='ocrx_word' id='word_1_54' title='bbox 809 1015 981 1069; x_wconf 87' lang='lat' dir='ltr'>caligine</span> <span class='ocrx_word' id='word_1_55' title='bbox 1004 1015 1193 1056; x_wconf 88' lang='lat' dir='ltr'>Theseus</span> 
     </span>
     <span class='ocr_line' id='line_1_12' title="bbox 193 1090 1076 1144; baseline 0 -12"><span class='ocrx_word' id='word_1_56' title='bbox 193 1090 386 1133; x_wconf 91' lang='lat' dir='ltr'>Consitus</span> <span class='ocrx_word' id='word_1_57' title='bbox 408 1092 534 1131; x_wconf 88' lang='lat' dir='ltr'>oblito</span> <span class='ocrx_word' id='word_1_58' title='bbox 557 1092 708 1131; x_wconf 88' lang='lat' dir='ltr'>dimisit</span> <span class='ocrx_word' id='word_1_59' title='bbox 732 1101 892 1144; x_wconf 90' lang='lat' dir='ltr'>pectore</span> <span class='ocrx_word' id='word_1_60' title='bbox 915 1102 1076 1144; x_wconf 88' lang='lat' dir='ltr'>cuncta,</span> 
     </span>
    </p>

    <p class='ocr_par' dir='ltr' id='par_1_6' title="bbox 187 1169 1299 1685">
     <span class='ocr_line' id='line_1_13' title="bbox 191 1169 1238 1226; baseline 0 -18"><span class='ocrx_word' id='word_1_61' title='bbox 191 1170 311 1226; x_wconf 85' lang='lat' dir='ltr'>Qae</span> <span class='ocrx_word' id='word_1_62' title='bbox 334 1169 523 1209; x_wconf 88' lang='lat' dir='ltr'>mandata</span> <span class='ocrx_word' id='word_1_63' title='bbox 546 1169 652 1221; x_wconf 93' lang='lat' dir='ltr'>prius</span> <span class='ocrx_word' id='word_1_64' title='bbox 674 1170 875 1208; x_wconf 87' lang='lat' dir='ltr'>constanti</span> <span class='ocrx_word' id='word_1_65' title='bbox 900 1179 1038 1209; x_wconf 89' lang='lat' dir='ltr'>mente</span> <span class='ocrx_word' id='word_1_66' title='bbox 1061 1169 1238 1222; x_wconf 86' lang='lat' dir='ltr'>tenebat,</span> 
     </span>
     <span class='ocr_line' id='line_1_14' title="bbox 191 1244 1162 1300; baseline 0 -14"><span class='ocrx_word' id='word_1_67' title='bbox 191 1244 343 1287; x_wconf 88' lang='lat' dir='ltr'>Dulcia</span> <span class='ocrx_word' id='word_1_68' title='bbox 365 1260 441 1285; x_wconf 92' lang='lat' dir='ltr'>nec</span> <span class='ocrx_word' id='word_1_69' title='bbox 464 1256 617 1285; x_wconf 89' lang='lat' dir='ltr'>maesto</span> <span class='ocrx_word' id='word_1_70' title='bbox 639 1245 850 1286; x_wconf 86' lang='lat' dir='ltr'>sustollens</span> <span class='ocrx_word' id='word_1_71' title='bbox 873 1246 986 1300; x_wconf 86' lang='lat' dir='ltr'>signa</span> <span class='ocrx_word' id='word_1_72' title='bbox 1009 1247 1162 1299; x_wconf 90' lang='lat' dir='ltr'>parenti</span> 
     </span>
     <span class='ocr_line' id='line_1_15' title="bbox 190 1322 1293 1376; baseline 0 -12"><span class='ocrx_word' id='word_1_73' title='bbox 190 1323 386 1376; x_wconf 88' lang='lat' dir='ltr'>Sospitem</span> <span class='ocrx_word' id='word_1_74' title='bbox 409 1322 688 1364; x_wconf 90' lang='lat' dir='ltr'>Erechtheum</span> <span class='ocrx_word' id='word_1_75' title='bbox 711 1338 752 1364; x_wconf 89' lang='lat' dir='ltr'>se</span> <span class='ocrx_word' id='word_1_76' title='bbox 773 1323 949 1364; x_wconf 90' lang='lat' dir='ltr'>ostendit</span> <span class='ocrx_word' id='word_1_77' title='bbox 970 1324 1095 1363; x_wconf 89' lang='lat' dir='ltr'>visere</span> <span class='ocrx_word' id='word_1_78' title='bbox 1118 1334 1293 1376; x_wconf 90' lang='lat' dir='ltr'>portum.</span> 
     </span>
     <span class='ocr_line' id='line_1_16' title="bbox 189 1400 1249 1454; baseline 0.001 -13"><span class='ocrx_word' id='word_1_79' title='bbox 189 1401 381 1454; x_wconf 88' lang='lat' dir='ltr'>Namque</span> <span class='ocrx_word' id='word_1_80' title='bbox 403 1401 539 1440; x_wconf 90' lang='lat' dir='ltr'>ferunt</span> <span class='ocrx_word' id='word_1_81' title='bbox 561 1400 674 1453; x_wconf 90' lang='lat' dir='ltr'>olim,</span> <span class='ocrx_word' id='word_1_82' title='bbox 698 1400 808 1442; x_wconf 86' lang='lat' dir='ltr'>classi</span> <span class='ocrx_word' id='word_1_83' title='bbox 832 1415 928 1441; x_wconf 90' lang='lat' dir='ltr'>cum</span> <span class='ocrx_word' id='word_1_84' title='bbox 951 1402 1114 1441; x_wconf 91' lang='lat' dir='ltr'>moenia</span> <span class='ocrx_word' id='word_1_85' title='bbox 1137 1401 1249 1442; x_wconf 90' lang='lat' dir='ltr'>divae</span> 
     </span>
     <span class='ocr_line' id='line_1_17' title="bbox 190 1476 1299 1533; baseline 0.002 -16"><span class='ocrx_word' id='word_1_86' title='bbox 190 1476 469 1531; x_wconf 91' lang='lat' dir='ltr'>Linquentem</span> <span class='ocrx_word' id='word_1_87' title='bbox 492 1489 662 1531; x_wconf 87' lang='lat' dir='ltr'>gnatum</span> <span class='ocrx_word' id='word_1_88' title='bbox 688 1479 816 1518; x_wconf 86' lang='lat' dir='ltr'>ventis</span> <span class='ocrx_word' id='word_1_89' title='bbox 838 1478 1100 1518; x_wconf 89' lang='lat' dir='ltr'>concrederet</span> <span class='ocrx_word' id='word_1_90' title='bbox 1123 1479 1299 1533; x_wconf 86' lang='lat' dir='ltr'>Aegeus,</span> 
     </span>
     <span class='ocr_line' id='line_1_18' title="bbox 187 1554 1136 1607; baseline 0 -12"><span class='ocrx_word' id='word_1_91' title='bbox 187 1554 311 1595; x_wconf 86' lang='lat' dir='ltr'>Talia</span> <span class='ocrx_word' id='word_1_92' title='bbox 332 1554 579 1607; x_wconf 87' lang='lat' dir='ltr'>conplexum</span> <span class='ocrx_word' id='word_1_93' title='bbox 604 1555 738 1594; x_wconf 92' lang='lat' dir='ltr'>iuveni</span> <span class='ocrx_word' id='word_1_94' title='bbox 762 1555 952 1595; x_wconf 86' lang='lat' dir='ltr'>mandata</span> <span class='ocrx_word' id='word_1_95' title='bbox 973 1555 1136 1596; x_wconf 87' lang='lat' dir='ltr'>dedisse.</span> 
     </span>
     <span class='ocr_line' id='line_1_19' title="bbox 189 1629 1104 1685; baseline 0 -13"><span class='ocrx_word' id='word_1_96' title='bbox 189 1629 342 1672; x_wconf 89' lang='lat' dir='ltr'>‘Gnate</span> <span class='ocrx_word' id='word_1_97' title='bbox 365 1631 464 1670; x_wconf 90' lang='lat' dir='ltr'>mihi</span> <span class='ocrx_word' id='word_1_98' title='bbox 488 1630 608 1684; x_wconf 83' lang='lat' dir='ltr'>longe</span> <span class='ocrx_word' id='word_1_99' title='bbox 631 1631 844 1672; x_wconf 88' lang='lat' dir='ltr'>iucundior</span> <span class='ocrx_word' id='word_1_100' title='bbox 866 1633 987 1672; x_wconf 87' lang='lat' dir='ltr'>unice</span> <span class='ocrx_word' id='word_1_101' title='bbox 1008 1633 1104 1685; x_wconf 87' lang='lat' dir='ltr'>vita,</span> 
     </span>
    </p>

    <p class='ocr_par' dir='ltr' id='par_1_7' title="bbox 187 1705 1331 1841">
     <span class='ocr_line' id='line_1_20' title="bbox 187 1705 1331 1765; baseline 0.003 -16"><span class='ocrx_word' id='word_1_102' title='bbox 187 1705 341 1761; x_wconf 90' lang='lat' dir='ltr'>Gnate,</span> <span class='ocrx_word' id='word_1_103' title='bbox 364 1722 439 1762; x_wconf 84' lang='lat' dir='ltr'>ego</span> <span class='ocrx_word' id='word_1_104' title='bbox 461 1722 584 1762; x_wconf 92' lang='lat' dir='ltr'>quem</span> <span class='ocrx_word' id='word_1_105' title='bbox 608 1709 649 1748; x_wconf 94' lang='lat' dir='ltr'>in</span> <span class='ocrx_word' id='word_1_106' title='bbox 672 1708 814 1749; x_wconf 92' lang='lat' dir='ltr'>dubios</span> <span class='ocrx_word' id='word_1_107' title='bbox 836 1723 958 1763; x_wconf 84' lang='lat' dir='ltr'>cogor</span> <span class='ocrx_word' id='word_1_108' title='bbox 980 1710 1184 1751; x_wconf 90' lang='lat' dir='ltr'>dimittere</span> <span class='ocrx_word' id='word_1_109' title='bbox 1207 1726 1331 1765; x_wconf 89' lang='lat' dir='ltr'>casus,</span> 
     </span>
     <span class='ocr_line' id='line_1_21' title="bbox 188 1784 1228 1841; baseline 0.004 -16"><span class='ocrx_word' id='word_1_110' title='bbox 188 1784 362 1825; x_wconf 87' lang='lat' dir='ltr'>Reddite</span> <span class='ocrx_word' id='word_1_111' title='bbox 385 1786 426 1825; x_wconf 94' lang='lat' dir='ltr'>in</span> <span class='ocrx_word' id='word_1_112' title='bbox 449 1795 632 1826; x_wconf 87' lang='lat' dir='ltr'>extrema</span> <span class='ocrx_word' id='word_1_113' title='bbox 654 1801 781 1839; x_wconf 93' lang='lat' dir='ltr'>nuper</span> <span class='ocrx_word' id='word_1_114' title='bbox 803 1787 903 1826; x_wconf 92' lang='lat' dir='ltr'>mihi</span> <span class='ocrx_word' id='word_1_115' title='bbox 927 1785 1008 1827; x_wconf 90' lang='lat' dir='ltr'>fine</span> <span class='ocrx_word' id='word_1_116' title='bbox 1029 1798 1228 1841; x_wconf 88' lang='lat' dir='ltr'>senectae,</span> 
     </span>
    </p>
   </div>
   <div class='ocr_carea' id='block_1_4' title="bbox 187 1862 1311 1919">
    <p class='ocr_par' dir='ltr' id='par_1_8' title="bbox 187 1862 1311 1919">
     <span class='ocr_line' id='line_1_22' title="bbox 187 1862 1311 1919; baseline 0.004 -17"><span class='ocrx_word' id='word_1_117' title='bbox 187 1862 534 1919; x_wconf 83' lang='lat' dir='ltr'>Qandoquidem</span> <span class='ocrx_word' id='word_1_118' title='bbox 558 1863 720 1904; x_wconf 89' lang='lat' dir='ltr'>fortuna</span> <span class='ocrx_word' id='word_1_119' title='bbox 742 1878 832 1904; x_wconf 89' lang='lat' dir='ltr'>mea</span> <span class='ocrx_word' id='word_1_120' title='bbox 853 1878 898 1904; x_wconf 90' lang='lat' dir='ltr'>ac</span> <span class='ocrx_word' id='word_1_121' title='bbox 922 1874 991 1905; x_wconf 86' lang='lat' dir='ltr'>tua</span> <span class='ocrx_word' id='word_1_122' title='bbox 1014 1865 1164 1906; x_wconf 87' lang='lat' dir='ltr'>fervida</span> <span class='ocrx_word' id='word_1_123' title='bbox 1187 1867 1311 1907; x_wconf 85' lang='lat' dir='ltr'>virtus</span> 
     </span>
    </p>
   </div>
  </div>
 </body>
</html>
