1649 2454
764 219 818 260 62

189 322 273 350 inu,
294 311 402 351 39-58.

191 415 266 456 Sed
290 415 357 455 ubi
382 415 458 455 oris
480 416 588 455 aurei
613 414 679 456 Sol
703 415 948 456 radiantibus
970 413 1096 455 oculis

192 491 399 532 Lustravit
421 492 584 531 aethera
603 490 756 543 album,
779 490 862 531 sola
884 490 996 544 dura,
1020 505 1129 531 mare
1152 491 1298 542 ferum,

192 568 433 621 Pepulitque
456 569 585 608 noctis
606 568 769 608 umbras
790 568 942 622 vegetis
963 567 1233 620 sonipedibus,

191 644 251 685 Ibi
276 645 451 686 Somnus
473 645 654 684 excitum
679 644 799 684 Attin
824 644 982 697 fugiens
1004 644 1108 683 citus
1129 644 1251 684 abiit:

190 721 446 775 Trepidante
468 736 563 761 eum
587 722 736 774 recepit
759 720 832 761 dea
854 720 1038 762 Pasithea
1059 721 1162 761 sinu.

190 799 254 840 Ita
275 800 324 839 de
346 800 482 853 quiete
506 798 618 838 molli
643 798 778 851 rapida
799 799 884 838 sine
908 799 1015 838 rabie

191 876 319 918 Simul
344 877 424 929 ipse
448 884 610 928 pectore
633 876 744 915 Attis
765 889 836 915 sua
858 875 963 915 facta
986 874 1170 927 recoluit,

192 953 447 1008 Liquidaque
470 962 609 993 mente
631 952 731 992 vidit
753 952 839 992 sine
861 953 950 1006 quis
972 953 1122 1006 ubique
1145 953 1262 1004 foret,

191 1031 349 1071 Animo
371 1039 579 1070 aestuante
603 1044 740 1069 rusum
765 1030 940 1069 reditum
963 1029 1010 1069 ad
1034 1029 1134 1068 vada
1156 1029 1304 1069 tetulit.

190 1108 251 1149 Ibi
276 1109 401 1149 maria
424 1117 532 1148 vasta
553 1108 684 1147 visens
706 1106 1009 1147 lacrimantibus
1031 1106 1170 1158 oculis,

191 1185 367 1227 Patriam
389 1170 566 1224 allocuta
588 1194 738 1224 maesta
760 1194 817 1223 est
841 1185 895 1224 ita
918 1198 1017 1224 voce
1040 1184 1248 1223 miscriter.

190 1262 347 1304 ‘Patria
368 1278 392 1302 0
415 1263 495 1302 mei
520 1262 705 1314 creatrix,
730 1262 856 1314 patria
878 1276 902 1300 o
925 1275 1015 1301 mea
1037 1261 1236 1315 genetrix,

190 1340 281 1394 Ego
303 1354 426 1394 quam
451 1340 570 1379 miser
593 1339 838 1392 relinquens,
863 1338 1048 1378 dominos
1071 1348 1116 1378 ut
1139 1339 1315 1392 erifugae

190 1417 350 1458 Famuli
374 1416 518 1468 solent,
541 1416 589 1456 ad
613 1415 707 1456 Idae
730 1415 846 1455 tetuli
872 1429 1038 1455 nemora
1060 1415 1217 1467 pedem,

190 1495 250 1536 Vt
272 1505 369 1547 aput
392 1495 528 1533 nivem
551 1504 591 1533 et
615 1493 789 1533 ferarum
813 1491 944 1546 gelida
964 1491 1119 1532 stabula
1141 1492 1269 1531 forem

189 1570 245 1612 Et
269 1583 408 1611 earum
431 1570 570 1609 omnia
590 1570 743 1610 adirem
766 1569 984 1609 furibunda
1006 1568 1185 1621 latibula,

189 1649 372 1689 Vbinam
394 1657 464 1687 aut
486 1647 632 1701 quibus
654 1647 752 1687 locis
775 1656 814 1687 te
843 1647 1027 1699 positam,
1052 1647 1191 1700 patria,
1217 1645 1330 1686 reor?

189 1724 318 1778 Cupit
342 1725 424 1778 ipsa
446 1723 597 1777 pupula
617 1724 664 1764 ad
689 1734 729 1764 te
751 1724 823 1764 sibi
847 1724 1026 1778 derigere
1048 1724 1191 1776 aciem,

191 1802 320 1843 Rabie
343 1802 425 1842 fera
447 1816 586 1841 carens
608 1801 707 1841 dum
731 1802 849 1841 breve
872 1811 1032 1854 tempus
1053 1801 1212 1841 animus
1234 1810 1305 1841 est.

190 1879 334 1934 Egone
357 1894 380 1919 a
402 1893 493 1920 mea
515 1888 671 1918 remota
694 1879 792 1918 haec
817 1878 918 1918 ferar
941 1879 981 1917 in
1006 1878 1173 1918 nemora
1194 1877 1343 1918 domo?
