1649 2454
743 179 767 219 9
778 180 791 206 1

1159 272 1236 298 ικνι,
1257 270 1269 299 ς
1277 271 1329 300 9-7
1336 261 1365 291 8.

173 361 253 401 Hic
277 361 429 402 Veneri
453 363 562 403 vario
585 378 637 402 ne
658 363 789 403 solum
814 364 854 403 in
879 363 1033 404 lumine
1056 364 1154 404 caeli

230 437 295 479 Ex
320 439 533 479 Ariadneis
554 454 673 480 aurea
695 441 944 493 temporibus

170 515 272 556 Fixa
293 531 442 556 corona
465 517 578 569 feret,
601 518 667 557 sed
694 533 766 558 nos
787 533 950 572 quoque
975 519 1220 572 fulgeremus

231 593 416 635 Devotae
438 595 526 635 flavi
549 595 708 634 verticis
730 596 912 648 exuviae,

170 671 390 712 Vvidulam
413 686 435 711 a
457 672 554 712 fletu
577 672 790 712 cedentem
814 673 860 712 ad
886 673 1038 726 templa
1059 674 1180 713 deum
1206 689 1271 714 me

229 748 343 789 Sidus
367 750 407 788 in
431 750 606 802 antiquis
629 749 719 789 diva
742 765 894 790 novum
919 752 1074 803 posuit:

169 825 350 879 Virginis
371 835 410 865 et
433 826 536 865 saevi
560 827 804 879 contingens
826 841 1003 880 namque
1028 826 1178 867 Leonis

229 902 422 955 Lumina,
446 902 615 943 Callisto
639 904 778 944 iuncta
801 903 1047 959 Lycaoniae,

167 980 318 1020 Vertor
340 980 380 1019 in
404 994 606 1032 occasum,
631 980 790 1020 tardum
814 981 895 1020 dux
919 992 1014 1021 ante
1037 981 1212 1034 Booten,

227 1058 313 1114 Qi
337 1057 403 1097 vix
426 1071 513 1097 sero
535 1056 617 1097 alto
639 1058 835 1111 mergitur
859 1058 1045 1100 Oceano.

165 1134 238 1175 Sed
263 1148 512 1188 quamquam
535 1149 601 1174 me
625 1145 745 1175 nocte
769 1145 960 1187 premunt
983 1137 1150 1190 vestigia
1172 1137 1323 1189 divom,

226 1210 319 1251 Lux
343 1222 480 1251 autem
504 1225 628 1251 canae
651 1211 809 1266 Tethyi
836 1213 1022 1265 restituit,

163 1288 283 1342 (Pace
307 1298 376 1328 tua
398 1289 468 1328 fari
493 1289 569 1328 hoc
593 1288 724 1341 liceat,
750 1289 1004 1330 Rhamnusia
1027 1291 1152 1344 virgo,

224 1367 417 1419 Namque
439 1380 515 1420 ego
539 1381 620 1406 non
644 1366 728 1407 ullo
751 1382 843 1407 vera
866 1368 1011 1407 timore
1034 1378 1183 1422 tegam,

163 1443 254 1483 Nec
276 1444 306 1483 si
331 1457 396 1483 me
420 1443 574 1483 infestis
595 1443 821 1496 discerpent
843 1444 970 1484 sidera
992 1444 1121 1496 dictis,

223 1519 402 1561 Condita
424 1521 522 1574 quin
546 1522 626 1560 veri
651 1522 822 1573 pectoris
843 1522 1047 1576 evoluam)

162 1598 260 1638 Non
285 1599 345 1637 his
367 1608 451 1637 tam
475 1597 599 1638 laetor
623 1598 752 1651 rebus,
776 1614 899 1652 quam
923 1614 989 1639 me
1011 1600 1120 1640 afore
1142 1615 1313 1654 semper,

222 1676 348 1715 Afore
372 1689 438 1715 me
460 1690 483 1715 a
504 1675 693 1715 dominae
715 1677 865 1716 vertice
889 1677 1119 1730 discrucior,

161 1754 347 1811 Qicum
362 1767 451 1806 eg0,
463 1753 561 1793 dum
571 1753 683 1807 virgo
698 1754 904 1807 quondam
921 1755 997 1794 fuit
1011 1755 1200 1796 omnibus
1214 1771 1368 1809 expers,

221 1830 541 1884 Vnguentorum
563 1845 645 1871 una
667 1830 778 1871 milia
800 1831 929 1872 multa
952 1833 1047 1873 bibi.
