1649 2454
885 169 938 224 98

319 270 419 296 vam,
438 269 509 298 99-1
522 271 532 289 1
542 261 569 290 8.

312 362 386 403 Sed
410 361 541 403 Troia
562 364 749 416 obscena,
772 363 904 404 Troia
926 363 1086 404 infelice
1108 365 1311 419 sepultum

372 438 545 480 Detinet
568 450 752 480 extremo
775 450 878 480 terra
899 440 1029 481 aliena
1049 441 1146 482 solo.

311 517 376 556 Ad
396 532 518 570 quam
542 528 631 557 tum
655 531 868 569 properans
891 517 1016 557 fertur
1037 518 1157 558 simul
1180 518 1360 572 undique
1383 520 1506 572 pubes

372 592 532 636 Graeca
555 593 776 646 penetrales
797 594 1011 634 deseruisse
1034 595 1158 648 focos,

311 673 376 712 Ne
401 672 509 712 Paris
531 671 704 711 abducta
726 672 880 725 gavisus
904 671 1028 711 libera
1051 674 1222 712 moecha

371 749 475 790 Otia
497 758 637 801 pacato
659 747 820 801 degeret
844 748 884 787 in
909 748 1100 788 thalamo.

311 828 410 883 Qo
434 826 505 865 tibi
529 836 618 865 tum
642 839 748 876 casu,
774 824 1044 877 pulcherrima
1068 824 1304 877 Laudamia,

370 903 569 956 Ereptum
593 913 651 942 est
675 903 756 942 vita
778 901 933 942 dulcius
954 911 1074 955 atque
1097 903 1233 942 anima

309 980 563 1034 Coniugium
582 994 589 1020 :
616 990 731 1019 tanto
754 989 793 1018 te
815 979 1028 1018 absorbens
1050 980 1198 1018 vertice
1220 980 1366 1019 amoris

368 1059 517 1098 Aestus
539 1058 579 1097 in
603 1058 820 1109 abruptum
844 1056 1040 1096 detulerat
1065 1057 1310 1109 barathrum,

307 1135 442 1192 Qale
466 1135 601 1173 ferunt
624 1132 724 1174 Grai
750 1132 962 1173 Pheneum
986 1147 1106 1185 prope
1130 1132 1376 1188 Cylleneum

368 1212 524 1252 Siccare
548 1210 701 1250 emulsa
724 1211 873 1263 pingue
897 1209 1040 1262 palude
1062 1209 1208 1262 solum,

309 1289 434 1346 Qod
458 1288 665 1342 quondam
689 1288 809 1327 caesis
832 1288 982 1326 montis
1006 1286 1146 1326 fodisse
1170 1287 1355 1327 medullis

370 1366 500 1406 Audit
524 1365 753 1418 falsiparens
775 1364 1177 1419 Amphitryoniades,

307 1443 519 1495 Tempore
542 1457 623 1496 quo
646 1451 755 1481 certa
777 1440 1028 1496 Stymphalia
1051 1450 1231 1480 monstra
1252 1441 1395 1494 sagitta

369 1520 546 1561 Perculit
570 1520 739 1572 imperio
762 1518 967 1558 deterioris
989 1519 1059 1570 eri,

307 1597 493 1638 Pluribus
515 1607 560 1637 ut
582 1596 680 1636 caeli
704 1605 899 1635 tereretur
922 1596 1041 1634 ianua
1063 1595 1176 1647 divis,

369 1675 487 1714 Hebe
511 1688 586 1714 nec
609 1673 730 1726 longa
752 1673 983 1726 virginitate
1006 1672 1121 1712 foret.

307 1751 383 1793 Sed
407 1761 500 1791 tuus
521 1750 625 1790 altus
646 1764 760 1790 amor
783 1750 968 1789 barathro
991 1749 1067 1788 fuit
1089 1748 1205 1788 altior
1228 1748 1309 1800 illo,

369 1829 454 1885 Qi
479 1827 645 1868 tandem
669 1827 916 1866 indomitum
940 1826 1041 1866 ferre
1065 1826 1206 1879 iugum
1229 1825 1392 1866 docuit:
