1649 2454
764 219 818 275 63

1170 324 1253 350 Lx111,
1273 321 1382 352 59-77.

194 416 339 468 Patria,
364 417 490 469 bonis,
513 416 666 467 amicis,
690 416 939 469 genitoribus
960 414 1107 455 abero?

193 494 331 533 Abero
355 494 453 546 foro,
478 492 681 546 palaestra,
704 492 832 532 stadio
854 502 893 532 et
917 491 1177 546 guminasiis?

195 570 323 610 Miser
353 585 375 610 a
404 571 536 622 miser,
570 569 824 623 querendum
854 579 913 609 est
943 569 1064 609 etiam
1097 578 1219 622 atque
1251 569 1388 621 etiam,

283 648 431 687 anime.

194 724 319 780 Qod
343 725 454 763 enirn
477 737 604 777 genus
625 721 776 776 figurae
798 732 871 774 est,
895 737 970 776 ego
994 737 1076 761 non
1099 722 1206 776 quod
1231 721 1427 762 obierim?

195 800 285 854 Ego
309 800 466 852 mulier,
491 814 566 853 ego
587 799 834 851 adulescens,
857 813 932 853 ego
955 799 1145 851 ephebus,
1170 813 1244 853 ego
1268 813 1379 852 puer,

194 876 285 931 Ego
307 877 490 933 gymnasi
515 877 570 916 fui
594 877 677 928 flos,
701 891 776 930 ego
797 890 906 915 eram
930 876 1051 916 decus
1072 875 1175 916 olei:

197 954 306 995 Mihi
332 955 474 994 ianuae
497 955 739 1008 frequentes,
763 954 862 993 mihi
888 953 1028 993 limina
1049 952 1196 1005 tepida,

197 1030 306 1071 Mihi
331 1031 478 1070 floridis
500 1029 658 1070 corollis
681 1030 866 1070 redimita
887 1029 1031 1070 domus
1054 1039 1150 1082 erat,

197 1107 489 1161 Linquendum
513 1108 579 1147 ubi
604 1118 704 1147 esset
726 1117 815 1147 orto
838 1108 936 1146 mihi
960 1107 1042 1147 sole
1064 1106 1314 1146 cubiculum.

197 1183 287 1238 Ego
311 1199 421 1224 nunc
445 1184 566 1224 deum
590 1185 772 1224 ministra
793 1194 833 1224 et
857 1183 1033 1239 Cybeles
1056 1183 1206 1224 famula
1228 1183 1356 1224 ferar?

197 1260 287 1315 Ego
311 1261 497 1313 Maenas,
521 1276 596 1315 ego
619 1262 698 1301 mei
723 1276 823 1314 pars,
846 1276 922 1315 ego
944 1262 1004 1301 vir
1025 1261 1167 1301 sterilis
1188 1260 1283 1301 ero?

197 1338 288 1392 Ego
311 1339 446 1378 viridis
468 1338 598 1392 algida
619 1337 714 1378 Idae
737 1339 829 1378 nive
851 1340 1000 1379 amicta
1021 1338 1109 1378 loca
1130 1338 1288 1379 colam?

197 1414 287 1468 Ego
309 1416 433 1454 vitam
456 1429 572 1468 agam
595 1416 668 1455 sub
690 1415 778 1455 altis
801 1414 999 1470 Phrygiae
1021 1414 1307 1467 columinibus,

197 1491 278 1531 Vbi
304 1506 420 1531 cerva
441 1491 694 1543 silvicultrix,
717 1492 784 1532 ubi
808 1506 902 1544 aper
924 1490 1232 1545 nemorivagus?

197 1567 285 1608 Iam
309 1569 388 1608 iam
412 1567 521 1608 dolet
543 1568 648 1621 quod
673 1569 752 1622 egi,
776 1569 856 1608 iam
880 1569 1040 1621 iamque
1064 1568 1272 1620 paenitet.’

199 1645 340 1685 Roseis
362 1655 407 1685 ut
430 1646 525 1685 huic
548 1644 698 1685 labellis
718 1646 873 1685 sonitus
895 1646 998 1685 citus
1018 1645 1130 1698 abiit,

199 1720 398 1763 Geminas
420 1723 557 1761 matris
578 1722 625 1761 ad
648 1736 762 1762 aures
784 1736 888 1762 nova
909 1723 1054 1762 nuntia
1076 1722 1263 1774 referens,

199 1798 259 1838 Ibi
285 1799 423 1838 iuncta
445 1799 538 1852 iuga
560 1798 759 1838 resolvens
781 1797 939 1854 Cybele
961 1798 1144 1839 leonibus

200 1875 465 1929 Laevumque
488 1876 640 1928 pecoris
662 1876 820 1916 hostem
842 1875 1054 1916 stimulans
1076 1876 1131 1915 ita
1153 1875 1355 1929 loquitur:
