1649 2454
899 155 952 197 92

335 244 411 271 wa,
430 243 540 273 79-94.

329 335 456 376 Nunc
479 351 560 389 vos,
584 347 723 390 optato
746 352 842 378 cum
866 339 1000 379 iunxit
1023 339 1178 381 lumine
1201 341 1331 394 taeda,

389 413 488 453 Non
512 415 619 466 prius
641 415 846 456 unanimis
868 430 1035 469 corpora
1057 418 1299 472 coniugibus

327 490 502 531 Tradite
525 492 724 532 nudantes
748 494 894 534 reiecta
916 504 1024 534 veste
1049 494 1224 548 papillas,

390 569 531 625 Qam
557 569 734 610 iucunda
755 571 854 610 mihi
880 585 1049 611 munera
1070 571 1168 612 libet
1190 587 1316 628 onyx,

329 645 475 686 Vester
497 660 622 701 onyx,
646 657 754 686 casto
777 646 907 687 colitis
928 663 1031 701 quae
1055 649 1140 689 iura
1162 650 1299 691 cubili.

389 722 464 763 Sed
487 737 590 776 quae
612 737 652 763 se
677 724 821 776 inpuro
844 724 954 765 dedit
976 725 1187 779 adulterio,

327 799 440 840 Illius
461 815 484 840 a
505 799 612 841 mala
634 800 740 841 dona
762 800 859 841 levis
883 802 991 842 bibat
1015 803 1125 842 irrita
1148 803 1301 856 pulvis:

389 877 582 930 Namque
605 892 680 931 ego
701 878 751 918 ab
775 878 950 932 indignis
973 881 1149 932 praemia
1172 880 1282 921 nulla
1305 892 1423 934 peto:

327 953 403 995 Sed
426 954 567 1008 magis,
590 969 614 995 o
637 965 800 1007 nuptae,
824 970 981 1008 semper
998 957 1215 998 concordia
1237 968 1382 998 vestras

388 1031 554 1084 Semper
575 1046 689 1072 amor
711 1032 820 1072 sedes
843 1032 993 1073 incolat
1014 1034 1202 1075 assiduus.

327 1108 402 1149 Tu
425 1124 533 1162 vero,
558 1110 709 1163 regina,
733 1121 850 1150 tuens
872 1125 968 1150 cum
991 1111 1117 1151 sidera
1139 1112 1274 1152 divam

389 1186 568 1227 Placabis
591 1187 699 1227 festis
721 1187 944 1228 luminibus
967 1188 1189 1241 Venerem,

328 1264 534 1318 Vnguinis
556 1274 765 1317 expertem
789 1280 873 1305 non
896 1266 981 1305 siris
1002 1280 1084 1306 esse
1107 1276 1220 1306 tuam
1243 1281 1323 1320 me,

387 1340 462 1382 Sed
486 1342 618 1394 potius
639 1340 756 1395 largis
779 1343 891 1382 effice
914 1343 1151 1383 muneribus

325 1418 461 1459 Sidera
483 1432 555 1458 cur
577 1419 723 1458 iterent
747 1419 926 1459 ‘utinam
950 1434 1068 1459 coma
1090 1421 1198 1474 regia
1219 1419 1329 1473 fiam,

387 1495 602 1536 Proximus
626 1495 864 1551 Hydrochoi
889 1496 1060 1550 fulgeret
1084 1496 1275 1539 Oarion.’
