1649 2454
727 229 780 272 59

1110 321 1179 348 Lxu,
1200 310 1274 348 54-6
1280 309 1308 340 8.

126 405 246 445 Hanc
270 404 368 445 nulli
391 404 602 459 agricolae,
627 405 726 445 nulli
749 404 958 445 accoluere
982 404 1172 444 bubulci:

124 482 183 521 At
205 483 234 521 si
260 482 361 522 forte
384 482 525 522 eadem
548 493 606 522 est
628 482 742 522 ulmo
765 482 986 522 coniuncta
1008 482 1167 534 marito,

126 558 254 599 Multi
279 558 388 598 illam
410 558 621 613 agricolae,
645 559 762 599 multi
786 558 995 599 accoluere
1019 557 1180 598 bubulci
1200 572 1208 598 :

124 635 187 676 Sic
210 637 323 690 virgo
345 636 444 676 dum
468 638 619 676 intacta
641 645 793 689 manet,
818 636 916 676 dum
940 635 1094 675 inculta
1115 636 1310 684 senescit3

124 711 235 753 Cum
259 727 326 766 par
349 714 572 754 conubium
596 724 755 754 maturo
778 723 959 765 tempore
981 712 1125 765 adepta
1147 722 1218 763 est,

125 789 230 830 Cara
252 791 338 830 viro
360 791 486 845 magis
507 801 547 831 et
571 791 706 830 minus
728 801 785 830 est
809 790 935 830 invisa
957 790 1125 842 parenti.

185 866 338 922 Hymen
360 883 378 907 0
401 867 631 922 Hymenaee,
655 867 808 922 Hymen
832 868 917 907 ades
938 883 956 905 o
978 864 1223 921 Hymenaee!

124 993 180 1035 Et
203 1005 248 1034 tu
271 1009 322 1034 ne
345 1010 480 1049 pugna
502 1009 599 1035 cum
624 995 690 1035 tali
716 996 890 1049 coniuge
913 995 1038 1048 virgo.

126 1071 223 1112 Non
246 1087 421 1125 aequum
445 1082 502 1112 est
522 1086 714 1126 pugnare,
739 1082 849 1125 pater
872 1073 936 1111 cui
960 1071 1123 1111 tradidit
1147 1072 1241 1124 ipse,

124 1149 212 1202 Ipse
236 1160 346 1202 pater
368 1163 463 1189 cum
487 1160 628 1202 matre,
652 1150 797 1203 quibus
821 1163 956 1201 parere
980 1163 1139 1188 necesse
1162 1159 1233 1188 est.

125 1227 348 1281 Virginitas
371 1242 454 1267 non
478 1237 564 1267 tota
585 1237 655 1267 tua
677 1238 748 1278 est,
773 1241 825 1266 ex
852 1237 962 1279 parte
985 1236 1198 1279 parentum
1222 1236 1294 1279 est,

123 1304 271 1345 Tertia
293 1319 379 1357 pars
402 1305 521 1358 patris
543 1315 615 1356 est,
640 1318 726 1357 pars
748 1314 806 1344 est
829 1304 920 1343 data
942 1304 1059 1343 tertia
1083 1303 1215 1355 matri,

124 1381 271 1422 Tertia
292 1381 374 1422 sola
395 1392 466 1422 tua
487 1392 570 1422 est:
598 1381 679 1421 noli
705 1396 883 1435 pugnare
906 1381 1075 1433 duobus,

125 1460 212 1517 Qi
237 1473 386 1512 genero
407 1473 476 1498 sua
499 1459 584 1498 iura
605 1457 725 1498 simul
749 1472 844 1497 cum
868 1457 962 1496 dote
984 1457 1197 1497 dederunt.

187 1536 356 1592 Hymen
379 1551 403 1576 o
423 1536 677 1591 Hymenaee,
703 1535 871 1591 Hymen
895 1535 988 1574 ades
1004 1549 1029 1574 o
1053 1532 1320 1589 Hymenaee!
