1649 2454
817 161 898 189 100

261 240 364 268 vaur,
385 230 536 269 139-160.

256 305 455 361 Coniugis
478 309 518 348 in
541 309 659 362 culpa
687 310 924 364 flagrantem
947 312 1134 353 contudit
1157 314 1271 366 iram,

316 384 501 425 Noscens
522 386 716 426 omnivoli
741 388 913 440 plurima
936 389 1041 429 furta
1063 388 1180 430 Iovis.

255 462 384 515 Atqui
410 477 484 502 nec
507 462 607 503 divis
631 464 815 504 homines
837 466 1058 517 conponier
1079 481 1255 520 aequum
1279 478 1351 520 est,

316 537 544 592 (Ingratum
568 541 729 580 tremuli
754 541 850 581 tolle
874 543 1047 594 parentis
1070 543 1199 596 opus),

255 615 345 655 Nec
368 626 505 655 tamen
530 615 596 656 illa
618 618 717 656 mihi
741 617 881 657 dextra
902 619 1075 659 deducta
1096 629 1261 672 paterna

315 691 349 732 F
352 703 581 746 ragrantem
604 694 770 749 Assyrio
792 696 904 734 venit
927 695 1048 735 odore
1071 696 1255 749 domurn,

254 768 329 809 Sed
353 769 499 809 furtiva
521 770 631 810 dedit
654 771 755 811 mira
778 771 1021 812 munuscula
1043 783 1177 825 nocte,

314 845 442 899 Ipsius
464 861 514 886 ex
538 848 621 899 ipso
644 848 808 900 dempta
830 849 902 888 viri
927 850 1095 902 gremio.

255 924 395 980 Qare
419 922 517 963 illud
539 925 631 964 satis
654 934 725 977 est,
749 925 778 964 si
803 925 918 965 nobis
941 926 970 965 is
993 926 1109 966 datur
1130 928 1235 979 unis,

316 1001 457 1057 Qem
481 1000 611 1053 lapide
634 1000 701 1041 illa
722 1001 830 1041 diem
853 1002 1083 1042 candidiore
1106 1013 1234 1044 notat.

257 1076 349 1117 Hoc
371 1077 442 1116 tibi
467 1077 575 1130 quod
600 1078 711 1130 potui
735 1078 972 1118 confectum
996 1080 1174 1121 carmine
1197 1094 1347 1121 munus

315 1153 393 1194 Pro
415 1154 568 1207 multis,
592 1154 692 1207 Alli,
717 1155 896 1195 redditur
918 1155 1072 1209 officiis,

254 1230 321 1271 Ne
343 1241 521 1271 vestrum
544 1232 682 1271 scabra
704 1242 844 1285 tangat
867 1233 1052 1286 rubigine
1075 1248 1227 1273 nomen

316 1307 430 1348 Haec
452 1318 573 1361 atque
597 1307 663 1347 illa
685 1308 767 1348 dies
789 1319 911 1362 atque
932 1309 1009 1349 alia
1030 1320 1150 1363 atque
1172 1309 1259 1350 alia.

256 1384 351 1424 Huc
374 1384 522 1424 addent
546 1385 624 1424 divi
649 1400 771 1438 quam
796 1385 981 1438 plurima,
1004 1401 1106 1440 quae
1129 1386 1306 1427 Themis
1327 1387 1425 1427 olim

314 1461 509 1514 Antiquis
530 1461 645 1502 solita
667 1473 725 1502 est
748 1478 919 1503 munera
941 1464 1042 1503 ferre
1064 1464 1161 1516 piis:

254 1537 345 1578 Sitis
368 1537 502 1577 felices
524 1548 563 1577 et
586 1548 631 1578 tu
653 1539 772 1579 simul
795 1549 835 1579 et
858 1549 927 1579 tua
948 1540 1029 1580 vita

314 1613 370 1655 Et
393 1614 537 1654 domus
560 1615 641 1668 ipsa
665 1616 704 1655 in
728 1631 808 1669 qua
830 1616 997 1657 lusimus
1019 1627 1059 1657 et
1081 1617 1260 1671 domina,

254 1690 309 1732 Et
331 1692 400 1745 qui
425 1692 622 1744 principio
644 1693 758 1732 nobis
780 1708 883 1747 quae
905 1694 1067 1734 tradidit
1089 1695 1232 1748 aufert,

314 1769 355 1809 A
377 1784 458 1822 quo
480 1779 575 1809 sunt
598 1770 728 1822 primo
750 1771 806 1810 mi
829 1771 967 1811 omnia
989 1782 1083 1812 nata
1106 1772 1225 1825 bona,

254 1845 310 1887 Et
333 1845 452 1900 longe
475 1856 569 1886 ante
592 1861 734 1887 omnes
756 1848 855 1887 mihi
879 1862 982 1901 quae
1004 1862 1070 1889 me
1092 1850 1219 1889 carior
1241 1850 1325 1902 ipso
1346 1860 1419 1903 est,

316 1922 409 1964 Lux
432 1938 535 1976 mea,
559 1938 638 1977 qua
659 1924 748 1964 viva
769 1924 900 1965 vivere
923 1924 1040 1966 dulce
1063 1926 1162 1965 mihi
1186 1936 1258 1967 est.
