1649 2454
725 194 803 235 105

664 335 861 376 LXXIX

167 447 336 488 Lsssmvs
357 457 415 488 est
438 446 628 499 pulcher:
654 446 749 500 quid
774 444 842 486 ni?
864 459 987 499 quem
1011 444 1157 486 Lesbia
1179 445 1292 485 malit

227 525 367 581 Qam
392 534 430 563 te
453 538 548 564 cum
572 533 656 563 tota
677 533 811 576 gente,
836 520 1012 574 Catulle,
1038 532 1119 562 tua.

167 601 240 642 Sed
265 612 400 641 tamen
425 602 489 641 hic
513 600 678 653 pulcher
701 599 848 639 vendat
870 613 966 639 curn
990 609 1111 653 gente
1133 598 1361 651 Catullum,

227 677 264 718 Si
289 678 364 718 tria
387 687 577 718 notorum
599 677 704 717 savia
729 676 958 729 reppererit.

655 857 875 897 LXXXII

280 968 462 1020 Qvnm,
484 968 514 1007 si
539 967 609 1007 tibi
633 968 690 1007 vis
712 967 849 1008 oculos
872 967 1016 1007 debere
1039 966 1250 1008 Catullum

339 1044 427 1084 Aut
448 1043 556 1084 aliud
579 1044 707 1097 siquid
731 1045 859 1084 carius
881 1054 938 1084 est
961 1043 1100 1096 oculis,

278 1120 445 1174 Eripere
467 1121 502 1161 ei
526 1120 607 1161 noli
632 1120 763 1161 multo
785 1121 892 1175 quod
915 1122 1043 1161 carius
1066 1120 1120 1161 illi

338 1196 412 1238 Est
434 1197 560 1238 oculis
582 1212 651 1237 seu
672 1197 768 1251 quid
792 1198 920 1238 carius
942 1207 999 1238 est
1021 1197 1160 1238 oculis.

645 1379 886 1420 LXXXIII

190 1489 346 1530 LESB1A
369 1490 423 1529 mi
449 1500 654 1542 praesente
677 1490 762 1529 viro
785 1489 890 1530 mala
913 1490 1084 1542 plurima
1105 1491 1228 1531 dicit:

252 1566 364 1606 Haec
389 1566 442 1606 illi
467 1566 578 1606 fatuo
601 1567 779 1606 maxima
800 1566 949 1607 laetitia
971 1577 1042 1607 est.

192 1642 326 1694 Mule,
350 1641 451 1681 nihil
473 1643 608 1682 sentis.
672 1642 709 1684 Si
735 1643 857 1682 nostri
881 1642 1005 1682 oblita
1027 1653 1191 1695 taceret,

250 1718 353 1759 Sana
374 1729 498 1759 esset:
526 1733 636 1759 nunc
657 1719 765 1772 quod
789 1720 930 1773 gannit
954 1729 993 1759 et
1016 1719 1262 1773 obloquitur,

191 1795 289 1835 Non
312 1795 442 1835 solum
466 1796 667 1847 meminit,
690 1796 756 1836 sed
782 1811 884 1849 quae
907 1795 1037 1836 multo
1059 1797 1187 1837 acrior
1209 1807 1266 1836 est
1290 1811 1349 1837 res

250 1871 356 1913 Irata
378 1882 448 1912 est.
505 1872 598 1913 Hoc
620 1882 692 1926 est,
715 1873 844 1913 uritur
865 1882 905 1913 et
928 1872 1119 1927 loquitur.

1223 1962 1246 1989 P
