1649 2454
872 202 925 244 74

330 295 407 322 mv,
430 284 579 323 180-199.

329 386 577 428 Discernens
600 387 712 439 ponti
736 386 1015 426 truculentum
1039 387 1106 426 ubi
1131 386 1271 425 dividit
1292 385 1467 439 aequor?

328 465 398 504 An
423 465 542 517 patris
564 463 762 504 auxilium
784 462 968 516 sperem?
989 477 1167 517 quemne
1191 464 1272 516 ipsa
1294 462 1450 516 reliqui,

330 542 575 594 Respersum
600 542 789 581 iuvenem
813 541 988 580 fraterna
1011 540 1131 580 caede
1153 539 1316 580 secuta?

329 619 529 672 Coniugis
550 633 601 658 an
625 615 706 656 fido
729 617 911 657 consoler
934 626 1087 656 memet
1109 630 1259 669 amore,

329 696 470 752 Qine
494 695 598 748 fugit
621 693 751 734 lentos
774 694 988 733 incurvans
1011 694 1169 747 gurgite
1193 693 1352 733 remos?

331 773 542 814 Praeterea
564 771 677 811 nullo
700 770 806 822 litus,
830 770 912 810 sola
935 770 1076 822 insula,
1100 780 1223 823 tecto,

330 851 420 891 Nec
444 859 552 903 patet
575 862 752 902 egressus
775 847 902 901 pelagi
927 848 1184 901 cingentibus
1206 847 1349 888 undis:

329 927 456 968 Nulla
479 927 596 980 fugae
620 926 733 976 ratio,
758 924 870 964 nulla
891 938 1002 977 spes:
1027 925 1166 964 omnia
1187 934 1315 976 muta,

329 1005 490 1047 Omnia
510 1013 606 1043 sunt
629 1003 795 1054 deserta,
819 1011 1026 1041 ostentant
1048 1002 1186 1041 omnia
1209 1001 1350 1042 letum.

329 1084 427 1123 Non
451 1092 589 1121 tamen
612 1090 706 1119 ante
730 1080 829 1119 mihi
854 1079 1117 1133 languescent
1140 1079 1296 1119 lumina
1318 1090 1463 1131 morte,

329 1161 421 1200 Nec
444 1160 550 1212 prius
572 1173 595 1198 a
618 1158 718 1198 fesso
739 1156 927 1197 secedent
950 1171 1116 1209 corpore
1138 1171 1288 1209 sensus,

329 1239 470 1294 Qam
494 1237 640 1276 iustam
663 1250 686 1274 a
708 1234 806 1274 divis
829 1248 1045 1286 exposcam
1069 1234 1225 1286 prodita
1247 1234 1433 1286 multam,

329 1314 645 1366 Caelestumque
668 1310 791 1351 fidem
817 1321 1017 1363 postrema
1039 1325 1257 1363 conprecer
1281 1311 1389 1351 hora.

330 1393 471 1449 Qare
495 1390 600 1430 facta
620 1390 753 1428 virum
777 1387 997 1428 multantes
1018 1387 1178 1427 vindice
1201 1402 1343 1441 poena,

329 1467 593 1519 Eumenides,
616 1466 761 1520 quibus
783 1466 963 1518 anguino
985 1464 1171 1504 redimita
1193 1464 1336 1517 capillo

330 1546 459 1587 Frons
481 1544 699 1597 expirantis
722 1553 947 1596 praeportat
971 1543 1141 1595 pectoris
1164 1543 1250 1594 iras,

331 1624 427 1663 Huc
452 1623 530 1662 huc
552 1621 781 1671 adventate‚
806 1634 914 1659 meas
935 1619 1071 1659 audite
1093 1619 1286 1673 querelas,

331 1702 446 1758 Qas
468 1713 544 1753 ego
565 1695 662 1738 vae!
688 1698 832 1737 misera
853 1698 1044 1737 extremis
1067 1697 1241 1749 proferre
1264 1696 1450 1737 medullis

329 1776 467 1830 Cogor
490 1777 618 1828 inops,
641 1774 796 1825 ardens,
823 1774 975 1813 amenti
1000 1787 1118 1813 caeca
1140 1773 1285 1813 furore.

332 1855 453 1911 Qae
475 1853 669 1906 quoniam
693 1866 807 1892 verae
831 1860 1052 1891 nascuntur
1075 1860 1236 1903 pectore
1258 1851 1307 1890 ab
1331 1851 1428 1903 imo,
