1649 2454
850 150 905 192 88

805 346 954 387 LXVI

278 492 446 535 OMNIA
469 493 537 546 qui
562 493 699 546 magni
723 492 895 545 dispexit
919 492 1074 533 lumina
1097 493 1255 546 mundi,

340 570 427 626 Qi
451 569 657 610 stellarum
680 579 791 609 ortus
813 571 1011 622 comperit
1033 580 1154 623 atque
1177 570 1323 622 obitus,

279 646 513 687 Flammeus
536 657 581 687 ut
605 646 728 699 rapidi
751 646 843 686 solis
867 647 974 687 nitor
996 647 1246 700 obscuretur,

340 723 398 763 Vt
422 723 567 763 cedant
591 724 709 763 certis
731 723 857 763 sidera
880 723 1141 775 temporibus,

279 800 338 840 Vt
361 800 552 840 Triviam
576 800 717 840 furtim
740 801 812 840 sub
837 799 1001 840 Latmia
1022 814 1114 840 saxa
1138 799 1318 854 relegans

340 876 485 917 Dulcis
507 891 620 917 amor
643 891 743 931 gyro
766 877 935 917 devocet
957 878 1077 929 aerio,

278 954 393 995 Idem
417 968 483 994 me
507 953 572 993 ille
596 952 747 994 Conon
771 953 929 993 caelesti
955 954 995 994 in
1020 953 1176 994 lumine
1199 954 1298 994 vidit

340 1031 376 1072 E
400 1031 622 1071 Bereniceo
645 1031 794 1071 vertice
817 1032 1031 1071 caesariem

281 1109 528 1163 Fulgentem
552 1107 671 1160 clare,
694 1122 816 1161 quam
841 1108 999 1148 cunctis
1022 1107 1088 1148 illa
1110 1108 1278 1148 deorum

341 1185 467 1226 Levia
490 1184 733 1238 protendens
756 1186 916 1225 brachia
939 1185 1117 1238 pollicita
1138 1195 1210 1237 est,

280 1265 378 1320 Qa
401 1278 469 1303 rex
494 1272 732 1315 tempestate
756 1277 862 1302 novo
883 1272 1025 1302 auctus
1048 1263 1274 1318 hymenaeo

340 1340 557 1381 Vastatum
580 1338 672 1380 finis
695 1340 820 1379 iverat
843 1340 1042 1395 Assyrios,

280 1417 433 1459 Dulcia
455 1428 680 1458 nocturnae
703 1428 865 1470 portans
889 1418 1053 1471 vestigia
1076 1418 1198 1469 rixae,

343 1497 483 1553 Qam
507 1495 555 1534 de
578 1495 767 1548 virgineis
790 1503 960 1548 gesserat
983 1495 1149 1535 exuviis.

280 1571 408 1613 Estne
431 1572 545 1612 novis
568 1572 704 1624 nuptis
725 1571 817 1610 odio
841 1570 1010 1611 Venus?
1032 1586 1083 1610 an
1107 1571 1213 1625 quod
1238 1582 1449 1611 amantum

341 1649 603 1689 Frustrantur
626 1647 730 1688 falsis
752 1647 898 1701 gaudia
921 1647 1152 1700 lacrimulis,

281 1726 470 1767 Vbertim
494 1724 659 1765 thalami
683 1738 780 1777 quas
804 1724 908 1764 intra
931 1724 1071 1765 limina
1095 1723 1300 1765 fundunt?

342 1803 456 1855 Non,
480 1803 534 1843 ita
556 1816 622 1842 me
645 1801 741 1854 divi,
763 1816 856 1842 vera
877 1811 1064 1855 gemunt,
1088 1802 1249 1842 iuerint.
