1649 2454
841 138 923 177 104

281 497 462 539 Difficile
484 508 543 539 est
565 498 735 552 longum
757 499 892 539 subito
914 499 1114 552 deponere
1136 514 1331 541 amorem.

342 573 522 615 Difficile
545 585 618 627 est,
641 588 783 614 verum
807 575 884 614 hoc
907 589 987 627 qua
1008 574 1121 615 lubet
1143 575 1301 616 efficias.

282 650 377 690 Vna
397 650 499 691 salus
522 652 621 690 haec
644 661 717 703 est,
741 651 818 690 hoc
841 660 899 690 est
918 651 990 690 tibi
1014 652 1358 703 pervincendum:

343 727 436 767 Hoc
460 727 592 779 facias,
615 728 696 767 sive
720 727 758 767 id
782 742 864 767 non
889 737 981 780 pote
1003 728 1084 767 sive
1107 738 1213 780 pote.

282 802 324 845 O
350 803 403 855 di,
426 804 456 843 si
480 813 659 844 vestrum
682 814 740 843 est
763 804 956 856 misereri,
979 814 1048 843 aut
1070 805 1100 843 si
1123 805 1269 858 quibus
1291 818 1487 859 umquam

341 879 541 921 Extremo
564 881 644 920 iam
668 881 749 933 ipsa
771 892 902 920 morte
925 880 1069 920 tulistis
1091 895 1225 934 opem,

282 957 359 998 Me
381 958 575 998 miserum
597 958 761 1010 aspicite
784 968 836 1009 et,
861 958 890 998 si
915 958 1040 998 vitam
1064 959 1215 1010 puriter
1237 960 1314 1013 egi,

342 1033 498 1087 Eripite
521 1035 625 1074 hanc
650 1044 803 1086 pestem
827 1034 1131 1088 perniciemque
1154 1036 1268 1075 mihi.

284 1110 393 1162 Heu,
418 1111 519 1150 mihi
543 1124 753 1164 surrepens
776 1111 877 1150 imos
901 1120 945 1150 ut
968 1121 1104 1163 torpor
1128 1112 1169 1151 in
1191 1121 1301 1152 artus

343 1186 515 1240 Expulit
537 1202 587 1227 ex
611 1188 724 1227 omni
749 1197 909 1240 pectore
928 1186 1108 1227 laetitias.

283 1264 382 1304 Non
407 1265 486 1304 iam
511 1264 608 1304 illud
632 1279 795 1317 quaero,
820 1274 962 1304 contra
984 1279 1050 1305 me
1073 1275 1118 1304 ut
1140 1264 1279 1319 diligat
1302 1264 1381 1317 illa,

343 1341 445 1392 Aut,
468 1340 576 1394 quod
599 1355 683 1380 non
708 1341 809 1393 potis
832 1350 904 1393 est,
929 1355 1010 1381 esse
1034 1341 1178 1393 pudica
1200 1341 1321 1382 velit:

283 1416 373 1470 Ipse
396 1416 525 1457 valere
549 1427 645 1469 opto
667 1427 707 1457 et
730 1427 906 1457 taetrum
931 1418 1041 1457 hunc
1059 1418 1258 1471 deponere
1276 1418 1479 1458 morbum.

345 1495 388 1536 O
413 1494 466 1546 di,
491 1494 645 1534 reddite
668 1494 724 1533 mi
748 1495 825 1534 hoc
849 1508 919 1546 pro
943 1495 1090 1546 pietate
1113 1509 1217 1535 mea.
