1649 2454
742 213 793 255 73

1075 304 1150 330 mov,
1174 294 1263 322 160-1
1273 303 1322 331 79.

200 395 322 437 Saeva
342 395 449 449 quod
474 395 660 435 horrebas
682 395 796 446 prisci
822 405 1031 447 praecepta
1054 395 1240 447 parentis,

199 473 258 512 At
280 482 417 512 tamen
442 472 482 511 in
505 481 652 511 vestras
675 471 837 523 potuisti
861 471 1007 511 ducere
1029 471 1152 523 sedes,

201 549 320 605 Qae
343 548 414 588 tibi
439 547 617 588 iucundo
640 546 854 586 famularer
875 561 986 587 serva
1008 547 1156 599 labore,

200 624 385 665 Candida
407 623 661 677 permulcens
684 623 843 677 liquidis
865 624 1032 678 vestigia
1054 623 1230 679 lymphis

200 701 453 754 Purpureave
475 711 593 741 tuum
616 712 877 741 consternens
899 711 1006 741 veste
1028 701 1174 742 cubile.

200 777 275 819 Sed
298 778 393 831 quid
417 792 492 831 ego
515 778 661 831 ignaris
684 778 931 831 nequiquam
954 793 1178 832 conquerar
1199 779 1316 831 auris,

200 853 423 895 Externata
446 854 566 906 malo,
589 869 692 907 quae
715 854 834 894 nullis
856 855 1035 895 sensibus
1056 866 1198 895 auctae

200 931 291 971 Nec
314 932 450 971 missas
470 931 607 971 audire
628 942 784 985 queunt
807 946 883 971 nec
906 932 1069 972 reddere
1093 932 1234 972 voces?

200 1007 273 1048 Ille
295 1019 431 1048 autem
455 1023 576 1061 prope
600 1009 679 1048 iam
703 1008 844 1048 mediis
867 1020 1044 1048 versatur
1067 1010 1106 1048 in
1130 1010 1262 1062 undis,

200 1085 290 1124 Nec
313 1086 526 1138 quisquam
548 1096 710 1137 apparet
734 1099 857 1125 vacua
880 1086 1058 1126 mortalis
1080 1087 1121 1125 in
1144 1086 1245 1140 alga.

200 1161 263 1202 Sic
286 1162 406 1201 nimis
428 1161 623 1201 insultans
644 1172 828 1202 extremo
850 1172 1031 1215 ternpore
1053 1177 1168 1203 saeva

201 1238 299 1278 Fors
321 1239 444 1278 etiam
468 1240 612 1279 nostris
635 1239 778 1278 invidit
800 1240 1005 1292 questibus
1026 1255 1151 1281 aures.

200 1314 381 1368 Iuppiter
402 1317 675 1368 omnipotens,
698 1316 856 1356 utinam
881 1331 932 1355 ne
955 1327 1136 1369 tempore
1160 1319 1289 1370 primo

202 1390 357 1434 Gnosia
380 1391 602 1444 Cecropiae
624 1393 848 1445 tetigissent
871 1392 987 1432 litora
1010 1408 1172 1446 puppes,

200 1468 408 1509 Indomito
430 1484 505 1509 nec
528 1469 612 1509 dira
634 1469 764 1509 ferens
785 1470 982 1522 stipendia
1004 1481 1119 1510 tauro

202 1544 381 1586 Perfidus
404 1547 444 1585 in
469 1545 593 1586 Creta
616 1546 815 1600 religasset
842 1548 976 1587 navita
998 1548 1154 1600 funem,

202 1623 292 1662 Nec
316 1622 443 1663 malus
466 1624 530 1662 hic
553 1623 686 1663 celans
709 1623 815 1663 dulci
839 1624 1016 1664 crudelia
1038 1625 1168 1666 forma

201 1699 383 1740 Consilia
405 1701 445 1739 in
469 1701 612 1740 nostris
635 1701 848 1754 requiesset
870 1701 1029 1741 sedibus
1053 1700 1216 1755 hospes!

201 1777 311 1817 Nam
334 1792 415 1831 quo
438 1792 504 1817 me
528 1777 721 1818 referam?
744 1778 850 1832 quali
874 1793 942 1831 spe
965 1779 1119 1831 perdita
1140 1779 1275 1820 nitor?

200 1852 391 1894 Idaeosne
415 1865 547 1907 petam
570 1854 756 1895 montes?
777 1870 800 1894 a
821 1856 980 1909 gurgite
1001 1856 1083 1896 lato
