1649 2454
244 320 313 346 Lxu,
334 318 440 348 37-53.

667 403 694 429 ae
850 431 876 457 *
1031 402 1058 429 ἐκ

232 482 291 521 At
314 481 425 521 lubet
449 481 630 532 innuptis
652 478 749 520 ficto
772 490 811 519 te
835 494 994 532 carpere
1017 491 1174 533 questu.

233 558 348 615 Qid
372 568 476 609 turn,
499 558 529 597 si
554 567 739 609 carpunt,
763 556 884 596 tacita
906 571 1028 609 quem
1053 567 1191 596 mente
1214 556 1450 610 requirunt?

296 636 464 691 Hymen
488 650 512 674 o
537 634 790 689 Hymenaee,
817 634 985 688 Hymen
1008 634 1100 673 ades
1122 649 1146 674 o
1172 632 1437 689 Hymenaee!

233 762 292 801 Vt
316 762 387 801 flos
409 761 450 800 in
473 760 615 812 saeptis
637 770 812 799 secretus
834 759 1010 798 nascitur
1033 759 1170 811 hortis,

232 838 402 893 Ignotus
425 838 573 891 pecori,
597 836 710 877 nullo
732 836 945 876 convolsus
966 846 1110 888 aratro,

233 918 373 973 Qem
397 915 581 955 mulcent
603 929 735 966 aurae,
759 912 893 953 firmat
915 913 985 965 sol,
1010 912 1153 953 educat
1177 913 1305 953 imber

233 1071 361 1113 Multi
388 1070 501 1110 illum
527 1069 653 1122 pueri,
677 1068 828 1108 multae
851 1078 1038 1120 optavere
1062 1067 1240 1120 puellae:

232 1149 347 1190 Idem
370 1163 466 1189 cum
489 1149 600 1187 tenui
626 1156 785 1199 carptus
807 1146 992 1185 defloruit
1014 1145 1157 1198 ungui,

233 1226 348 1266 Nulli
374 1225 488 1265 illurn
513 1225 638 1278 pueri,
663 1223 795 1263 nullae
818 1233 1005 1275 optavere
1028 1222 1207 1274 puellae:

231 1304 295 1345 Sic
318 1304 445 1357 virgo,
469 1302 567 1341 dum
591 1301 743 1340 intacta
765 1310 916 1351 manet,
942 1299 1040 1338 dum
1063 1313 1153 1338 cara
1173 1300 1252 1338 suis
1274 1309 1357 1348 est3

233 1380 343 1421 Cum
368 1390 523 1420 castum
546 1378 677 1418 amisit
701 1376 855 1429 polluto
878 1391 1042 1429 corpore
1065 1376 1205 1416 florem

234 1458 325 1498 Nec
350 1457 480 1510 pueris
503 1454 679 1495 iucunda
702 1464 854 1505 manet,
879 1467 953 1492 nec
977 1467 1067 1492 cara
1090 1452 1242 1505 puellis.

296 1536 464 1591 Hymen
488 1549 512 1573 ο
537 1533 792 1587 Hymenaee,
818 1531 986 1586 Hymen
1009 1530 1102 1570 ades
1123 1545 1148 1570 o
1172 1527 1438 1585 Hymenaee!

234 1662 293 1702 Vt
316 1661 436 1701 vidua
458 1661 499 1699 in
524 1659 634 1699 nudo
656 1659 747 1698 vitis
769 1672 871 1711 quae
894 1657 1070 1697 nascitur
1091 1671 1187 1697 arvo

235 1739 477 1791 Numquam
500 1751 540 1776 se
563 1735 735 1787 extollit,
760 1748 986 1787 numquam
1010 1734 1153 1773 mitem
1177 1733 1321 1773 educat
1344 1748 1480 1786 uvam,

234 1815 309 1857 Sed
333 1825 520 1855 tenerum
545 1827 672 1866 prono
694 1812 910 1851 deflectens
933 1811 1108 1863 pondere
1131 1825 1273 1863 corpus

233 1892 321 1933 Iam
346 1893 425 1932 iam
449 1891 651 1944 contingit
673 1902 882 1929 summum
906 1888 1036 1928 radice
1058 1887 1288 1941 flagellum3
