2912 4368
1071 1079 1126 1133 89

1492 1184 1571 1209 wa,
1594 1174 1701 1210 19-38.

490 1278 535 1318 Id
561 1293 651 1319 mea
675 1293 739 1318 me
765 1279 904 1319 multis
928 1279 1066 1319 docuit
1093 1278 1230 1331 regina
1254 1277 1427 1331 querelis

552 1357 760 1398 Invisente
785 1373 892 1398 novo
917 1357 1066 1411 proelia
1090 1368 1205 1397 torva
1228 1357 1328 1396 viro.

490 1436 549 1475 At
572 1447 617 1475 tu
642 1451 724 1475 non
750 1436 897 1476 orbum
922 1435 1023 1476 luxti
1050 1436 1206 1475 deserta
1229 1434 1377 1487 cubile,

552 1513 626 1555 Sed
653 1514 783 1554 fratris
808 1516 886 1555 cari
913 1514 1044 1554 flebile
1069 1513 1300 1565 discidium,

491 1591 603 1632 Cum
629 1594 789 1645 penitus
813 1604 983 1633 maestas
1007 1591 1142 1632 exedit
1167 1606 1263 1631 cura
1287 1590 1497 1631 medullas.

554 1670 613 1710 Vt
637 1672 707 1711 tibi
735 1683 824 1711 tum
849 1682 936 1711 toto
961 1682 1124 1724 pectore
1147 1670 1343 1710 sollicitae

492 1748 680 1790 Sensibus
704 1751 849 1803 ereptis
874 1764 989 1790 mens
1012 1746 1189 1789 excidit!
1215 1760 1254 1788 at
1280 1761 1318 1788 te
1344 1764 1419 1803 ego
1444 1760 1553 1789 certe

553 1826 792 1881 Cognoram
817 1843 838 1868 a
864 1843 982 1881 parva
1006 1829 1162 1881 virgine
1188 1828 1511 1881 magnanimam.

492 1905 618 1946 Arme
643 1907 798 1947 bonum
823 1906 949 1947 oblita
972 1921 1011 1946 es
1030 1906 1199 1958 facinus,
1225 1921 1306 1959 quo
1332 1906 1489 1959 regium
1508 1905 1653 1958 adepta
1672 1920 1711 1945 es

555 1984 827 2039 Coniugium,
852 1985 960 2039 quod
987 2000 1070 2024 non
1096 1985 1237 2024 fortior
1260 1985 1363 2024 ausit
1386 1983 1483 2024 alis?

492 2062 567 2103 Sed
593 2075 682 2103 tum
702 2075 853 2104 maesta
872 2065 1004 2103 virum
1029 2064 1197 2103 mittens
1217 2079 1319 2117 quae
1339 2064 1461 2103 verba
1485 2063 1621 2103 locuta
1645 2078 1683 2103 es
1702 2060 1708 2103 !

554 2141 749 2195 Iuppiter,
774 2154 820 2182 ut
844 2143 945 2182 tristi
972 2142 1129 2181 lumina
1153 2157 1268 2195 saepe
1294 2157 1421 2182 manu
1442 2140 1449 2181 l

495 2222 600 2277 Qis
624 2232 663 2261 te
688 2222 861 2261 mutavit
886 2232 1023 2261 tantus
1047 2221 1169 2261 deus?
1193 2237 1243 2261 an
1268 2221 1376 2274 quod
1402 2232 1586 2261 amantes

555 2300 653 2340 Non
679 2300 800 2354 longe
823 2315 845 2340 a
868 2315 960 2340 caro
984 2315 1151 2353 corpore
1175 2300 1309 2340 abesse
1334 2299 1506 2340 volunt?

494 2379 634 2432 Atque
660 2379 711 2418 ibi
737 2393 802 2418 me
827 2380 986 2419 cunctis
1011 2394 1081 2432 pro
1105 2378 1211 2418 dulci
1238 2379 1412 2432 coniuge
1437 2378 1536 2418 divis

556 2457 653 2497 Non
679 2458 763 2497 sine
788 2458 950 2497 taurino
973 2458 1170 2511 sanguine
1196 2456 1375 2510 pollicita
1397 2472 1450 2510 es,

494 2535 530 2576 Si
557 2535 732 2575 reditum
757 2535 967 2575 tetulisset.
1024 2535 1062 2575 Is
1087 2537 1184 2575 haut
1210 2537 1249 2575 in
1276 2548 1459 2588 tempore
1484 2536 1608 2589 longo

556 2613 733 2667 Captam
758 2615 900 2654 Asiam
925 2614 1105 2669 Aegypti
1131 2612 1280 2654 finibus
1303 2614 1524 2654 addiderat.

495 2694 602 2750 Qis
625 2708 701 2747 ego
725 2708 795 2745 pro
820 2693 935 2732 factis
958 2692 1116 2732 caelesti
1144 2692 1298 2732 reddita
1321 2704 1442 2732 coetu

557 2769 732 2811 Pristina
755 2781 849 2811 vota
872 2785 979 2810 novo
1003 2785 1174 2810 munere
1198 2769 1387 2810 dissoluo.
