1649 2454
755 184 833 228 107

670 333 911 374 LXXXVI

196 441 394 490 varm
417 443 590 483 formosa
611 454 669 483 est
693 443 844 496 multis,
868 445 967 484 mihi
991 445 1160 485 candida
1182 445 1301 499 longa
1364 455 1369 460 “

256 518 386 559 Recta
408 529 477 559 est.
534 519 647 559 Haec
670 534 746 573 ego
767 520 822 559 sic
845 520 1001 574 singula
1023 519 1233 574 confiteor,

195 594 358 636 Totum
383 595 478 636 illud
503 595 676 636 formosa
698 610 827 649 nego:
854 611 948 636 nam
972 596 1082 637 nulla
1104 608 1302 650 venustas,

255 672 381 712 Nulla
403 673 443 711 in
463 683 545 712 tam
568 687 718 726 magno
740 683 797 712 est
820 687 985 726 corpore
1008 675 1113 714 mica
1134 674 1234 715 salis.

195 748 340 789 Lesbia
362 749 534 790 formosa
556 760 627 802 est,
651 764 752 803 quae
776 764 870 789 cum
894 750 1163 802 pulcherrima
1185 762 1270 792 tota
1291 763 1363 805 est,

253 825 372 866 Tum
394 826 583 866 omnibus
605 840 686 866 una
706 827 838 867 omnis
859 827 1048 879 surripuit
1071 827 1264 869 Veneres.

657 1004 920 1046 LXXXVII

222 1116 372 1156 NVLLA
398 1126 525 1169 potest
548 1116 693 1156 mulier
715 1126 875 1156 tantum
898 1130 938 1156 se
962 1117 1092 1157 dicere
1114 1128 1291 1158 amatam

283 1193 404 1244 Vere,
429 1203 628 1246 quantum
651 1208 674 1233 a
696 1207 762 1232 me
786 1192 931 1233 Lesbia
951 1204 1085 1234 amata
1107 1209 1197 1235 mea
1219 1210 1284 1236 es:

221 1269 347 1309 Nulla
368 1267 465 1309 fides
486 1269 571 1309 ullo
593 1270 669 1309 fuit
692 1284 886 1324 umquam
911 1271 1068 1311 foedere
1091 1282 1216 1325 tanta,

281 1347 450 1403 Qanta
473 1347 513 1386 in
536 1361 671 1387 amore
694 1357 765 1387 tuo
787 1362 836 1387 ex
860 1358 970 1400 parte
993 1360 1147 1401 reperta
1169 1364 1258 1390 mea
1280 1361 1351 1391 est.

721 1524 848 1566 XCII

189 1634 344 1675 LEsmA
367 1636 421 1675 mi
446 1635 542 1675 dicit
563 1649 720 1688 semper
742 1635 846 1676 male
870 1651 944 1676 nec
967 1647 1072 1678 tacet
1095 1653 1290 1692 umquam

249 1711 318 1752 De
340 1726 430 1752 me:
456 1711 601 1752 Lesbia
623 1727 688 1752 me
711 1712 930 1765 dispeream
954 1715 1026 1754 nisi
1050 1725 1172 1756 amat,

189 1790 288 1846 Qo
309 1788 451 1842 signo?
473 1789 566 1842 quia
587 1799 681 1829 sunt
703 1790 874 1829 totidem
897 1805 1011 1831 mea:
1038 1791 1228 1844 deprecor
1251 1793 1360 1833 illam

248 1866 433 1918 Assidue,
456 1880 596 1906 verum
619 1866 838 1919 dispeream
863 1868 936 1907 nisi
959 1882 1065 1908 amo.
