1649 2454
917 210 970 265 78

372 312 450 340 Lx1v,
468 303 621 342 260—279.

375 402 469 445 Pars
490 405 659 445 obscura
681 406 786 446 cavis
808 405 1064 447 celebrabant
1086 406 1197 460 orgia
1218 407 1337 459 cistis,

377 479 521 535 Orgia,
544 496 647 535 quae
668 483 812 523 frustra
833 484 1004 535 cupiunt
1025 484 1161 523 audire
1185 484 1353 536 profani,

375 557 627 612 Plangcbant
648 559 746 599 aliae
771 561 942 612 proceris
965 570 1159 615 tympana
1181 559 1322 612 palmis

376 635 464 674 Aut
487 636 600 675 tereti
624 645 766 675 tenues
788 637 960 676 tinnitus
981 651 1070 676 aere
1093 637 1267 688 ciebant,

376 711 525 752 Multis
547 713 775 753 raucisonos
797 713 984 753 efflabant
1006 727 1159 753 cornua
1182 714 1349 753 bombos

374 789 628 843 Barbaraque
651 789 829 829 horribili
852 789 1043 830 stridebat
1065 790 1162 830 tibia
1183 801 1319 831 cantu.

434 865 609 906 Talibus
630 864 831 919 amplifice
854 867 971 906 vestis
993 867 1179 907 decorata
1200 864 1337 920 figuris

375 942 566 983 Pulvinar
589 942 787 995 conplexa
808 957 880 983 suo
902 943 1058 983 velabat
1079 944 1245 984 amictu.

375 1020 495 1076 Qae
519 1029 730 1072 postquam
753 1020 897 1072 cupide
919 1020 1137 1072 spectando
1159 1019 1357 1061 Thessala
1379 1021 1502 1074 pubes

373 1095 549 1148 Expleta
570 1106 642 1148 est,
664 1097 811 1137 sanctis
833 1098 966 1149 coepit
987 1097 1178 1137 decedere
1201 1097 1313 1138 divis.

375 1173 471 1225 Hic,
493 1172 621 1226 qualis
643 1173 740 1213 flatu
764 1172 966 1225 placidum
990 1188 1099 1214 mare
1122 1175 1324 1214 matutino

374 1248 625 1290 Horrificans
647 1249 863 1305 Zephyrus
886 1251 1069 1303 proclivis
1092 1252 1233 1291 incitat
1254 1252 1381 1292 undas

373 1327 534 1367 Aurora
556 1327 764 1367 exoriente
788 1328 874 1381 vagi
898 1328 971 1367 sub
994 1327 1135 1368 limina
1156 1328 1262 1380 solis,

373 1405 493 1460 Qae
515 1404 626 1444 tarde
649 1405 826 1456 primum
849 1404 1040 1444 clementi
1063 1405 1226 1445 flamine
1248 1405 1382 1457 pulsae

372 1480 603 1522 Procedunt
625 1480 845 1535 leviterque
866 1491 1011 1522 sonant
1035 1481 1225 1535 plangore
1246 1482 1449 1535 cachinni,

372 1557 468 1598 Post
489 1568 613 1598 vento
634 1568 838 1598 crescente
861 1559 987 1612 magis
1008 1559 1135 1612 magis
1157 1559 1439 1599 increbescunt

372 1634 657 1688 Purpureaque
680 1635 818 1687 procul
841 1644 983 1675 nantes
1004 1636 1053 1675 ab
1076 1635 1165 1675 luce
1188 1635 1404 1690 refulgent,

372 1712 436 1753 Sic
459 1712 511 1751 ibi
534 1711 731 1752 vestibulo
753 1711 981 1765 linquentes
1004 1713 1111 1765 regia
1132 1722 1239 1752 tecta

372 1789 440 1828 Ad
462 1803 502 1828 se
524 1789 692 1842 quisque
715 1802 815 1842 vago
837 1789 980 1841 passim
1004 1789 1102 1841 pede
1125 1789 1393 1830 discedebant.

372 1866 565 1923 Qorum
588 1874 675 1918 post
696 1865 852 1905 abitum
875 1865 1058 1917 princeps
1079 1880 1101 1905 e
1123 1865 1271 1906 vertice
1294 1864 1377 1906 Peli
