1649 2454
732 241 786 294 65

682 392 829 433 LXIV

201 517 388 559 Punico
410 518 616 572 quondam
640 529 858 573 prognatae
882 520 1031 560 vertice
1055 522 1173 573 pinus

207 593 418 635 Dicuntur
442 594 609 649 liquidas
631 596 816 648 Neptuni
841 611 952 636 nasse
976 611 1044 649 per
1066 597 1193 638 undas

207 669 395 712 Phasidos
416 671 464 711 ad
487 671 633 712 fluctus
655 682 695 712 et
717 670 817 713 fines
840 673 1053 726 Aeetaeos,

206 746 317 788 Cum
341 747 434 788 lecti
459 749 637 800 iuvenes,
660 748 836 802 Argivae
860 750 1002 790 robora
1024 750 1153 803 pubis,

205 826 404 866 Auratam
427 836 611 878 optantes
634 825 800 867 Colchis
822 836 1001 866 avertere
1024 826 1170 879 pellem

205 902 306 942 Ausi
329 912 424 942 sunt
446 902 545 942 vada
566 901 664 942 salsa
686 903 765 942 cita
787 902 996 942 decurrere
1020 904 1157 956 puppi,

199 977 373 1019 Caerula
396 989 598 1019 verrentes
620 979 799 1032 abiegnis
820 993 993 1032 aequora
1015 979 1168 1032 palmis.

200 1054 309 1096 Diva
330 1056 475 1109 quibus
497 1056 675 1095 retinens
698 1056 738 1094 in
761 1056 930 1095 summis
952 1056 1118 1096 urbibus
1138 1071 1248 1096 arces

202 1132 292 1186 Ipsa
313 1132 389 1173 levi
413 1133 509 1173 fecit
531 1131 770 1173 volitantem
793 1133 956 1173 flamine
978 1147 1158 1186 currum,

203 1209 328 1251 Pinea
350 1210 603 1263 coniungens
625 1209 795 1249 inflexae
819 1219 930 1249 texta
952 1211 1123 1251 carinae.

201 1285 276 1326 Illa
298 1286 440 1326 rudem
462 1300 581 1326 cursu
604 1287 732 1339 prima
756 1287 902 1326 imbuit
924 1286 1221 1340 Amphitriten,

203 1363 324 1419 Qae
346 1360 466 1402 simul
488 1376 534 1402 ac
559 1372 684 1402 rostro
707 1372 922 1402 ventosum
946 1363 1136 1415 proscidit
1157 1378 1321 1417 aequor,

200 1438 415 1491 Tortaque
438 1439 607 1492 remigio
628 1439 779 1491 spumis
802 1439 1012 1479 incanduit
1033 1439 1156 1493 unda,

200 1514 412 1556 Emersere
434 1515 506 1555 feri
529 1515 718 1555 candenti
742 1531 763 1556 e
786 1516 944 1570 gurgite
966 1516 1112 1569 voltus,

200 1593 439 1646 Aequoreae
462 1603 691 1633 monstrum
714 1593 911 1633 Nereides
932 1593 1189 1634 admirantes.

199 1668 273 1709 Illa
293 1668 370 1709 alia
390 1669 525 1708 videre
547 1683 623 1709 nec
645 1668 727 1709 ulla
748 1669 837 1709 luce
860 1671 1033 1710 marinas

200 1745 398 1786 Mortales
419 1745 526 1786 oculi
550 1745 702 1786 nudato
725 1761 891 1799 corpore
914 1747 1129 1802 Nymphas

198 1822 421 1862 Nutricum
444 1832 562 1862 tenus
584 1832 768 1863 extantes
789 1838 811 1863 e
833 1824 993 1877 gurgite
1015 1838 1130 1865 cano.

195 1897 315 1939 Tum
337 1898 531 1939 Thetidis
553 1898 696 1940 Peleus
719 1901 906 1940 incensus
928 1901 1054 1941 fertur
1075 1916 1227 1954 amore,

1192 2022 1223 2049 K
