1747 2620
724 244 859 272 INDEX

1301 330 1416 350 PAGINA

197 389 386 430 Phaselus
409 389 486 441 ille,
511 404 633 443 quem
658 389 812 442 videtis,
837 390 1024 442 hospites,
1125 420 1134 429 .
1262 420 1271 429 .
1367 402 1393 440 4

196 456 342 497 Poetae
366 467 519 509 tenero,
544 471 636 497 meo
657 457 779 496 sodali
853 488 862 497 .
990 488 998 496 .
1125 488 1134 497 .
1261 487 1270 497 .
1338 466 1390 507 25

197 527 414 582 Qaenam
438 536 478 565 te
501 526 605 565 mala
627 540 756 578 mens,
781 525 933 565 miselle
959 525 1127 577 Ravide,
1262 556 1270 565 .
1338 537 1392 578 30

197 595 383 650 Qaeris,
407 604 505 647 quot
529 595 628 633 mihi
654 594 890 634 basiationes
989 625 998 633 .
1126 624 1134 633 .
1261 624 1271 633 .
1368 604 1390 646 7

197 662 311 718 Qid
334 673 406 714 est,
431 661 620 702 Catulle?
642 662 737 715 quid
764 663 941 713 moraris,
966 661 1119 701 emori?
1262 692 1271 700 .
1338 673 1394 714 39

197 731 372 786 Qintia
394 731 567 770 formosa
589 741 647 770 est
670 731 822 783 multis,
841 731 940 770 mihi
961 730 1131 770 candida
1153 729 1274 783 longa
1313 741 1390 782 107

197 800 361 856 Qinti,
384 800 414 839 si
439 800 509 839 tibi
534 800 591 839 vis
613 800 751 839 oculos
773 799 916 839 debere
940 798 1153 839 Catullum
1261 829 1270 838 .
1311 808 1390 849 105

197 867 323 924 Qod
347 868 445 907 mihi
472 869 633 908 fortuna
655 883 828 921 casuque
851 881 1058 920 oppressus
1079 867 1224 907 acerbo
1262 898 1271 907 .
1338 879 1392 921 93

198 934 282 975 Risi
307 937 442 975 nescio
464 951 586 989 quem
611 937 732 976 modo
755 951 776 975 e
799 951 961 987 corona,
991 967 999 976 .
1126 967 1134 975 .
1262 966 1270 975 .
1339 947 1394 989 39

198 1003 320 1056 Saepe
344 1004 414 1043 tibi
438 1004 615 1044 studioso
637 1006 775 1044 animo
798 1015 972 1044 venante
996 1004 1201 1057 requirens
1262 1035 1271 1043 .
1313 1016 1326 1042 1
1343 1015 1392 1043 12

198 1071 324 1123 Salve,
350 1087 423 1112 nec
448 1074 621 1112 minimo
645 1073 776 1125 puella
799 1087 894 1112 naso
991 1104 1000 1112 .
1127 1103 1136 1112 .
1263 1103 1271 1111 .
1338 1084 1394 1125 30

198 1139 251 1193 Si,
277 1140 459 1193 Comini,
484 1141 617 1193 populi
641 1142 805 1180 arbitrio
827 1152 896 1181 tua
918 1155 1018 1181 cana
1039 1151 1223 1180 senectus
1265 1171 1273 1180 .
1313 1153 1328 1179 1
1344 1153 1358 1179 1
1375 1153 1389 1179 1

197 1208 234 1249 Si
251 1210 315 1249 cui
326 1209 422 1262 quid
433 1210 660 1263 cupidoque
675 1210 912 1263 optantique
923 1210 1068 1263 optigit
1077 1223 1273 1262 umquam
1313 1221 1328 1248 1
1344 1221 1358 1247 1
1374 1221 1388 1248 1

197 1277 234 1318 Si
258 1293 338 1331 qua
361 1278 585 1318 recordanti
611 1279 820 1318 benefacta
843 1279 973 1330 priora
994 1277 1177 1330 voluptas
1263 1308 1272 1317 .
1313 1289 1393 1331 103

197 1346 235 1387 Si
254 1348 471 1400 quicquam
491 1348 613 1386 mutis
631 1357 790 1400 gratum
807 1357 1070 1399 acceptumve
1087 1346 1276 1398 sepulcris
1314 1357 1395 1398 109

198 1414 235 1455 Si
254 1416 472 1469 quicquam
492 1416 614 1455 tacito
633 1416 879 1455 conmissum
895 1425 953 1455 est
968 1413 1048 1454 fido
1062 1415 1110 1454 ab
1128 1415 1274 1466 amico,
1314 1426 1328 1452 1
1345 1426 1395 1454 10

197 1482 383 1524 Suffenus
406 1485 491 1536 iste,
517 1484 638 1536 Vare,
661 1499 784 1537 quem
809 1484 930 1536 probe
953 1484 1072 1535 nosti,
1125 1514 1134 1523 .
1261 1513 1269 1522 .
1344 1481 1394 1521 18

198 1552 322 1604 Super
344 1552 423 1592 alta
446 1563 583 1592 vectus
606 1553 716 1592 Attis
739 1552 856 1592 celeri
883 1564 963 1592 rate
988 1553 1113 1592 maria
1264 1582 1272 1590 .
1340 1549 1395 1591 60

199 1621 366 1673 Verani,
389 1622 578 1661 omnibus
600 1637 621 1661 e
644 1623 745 1661 meis
766 1622 905 1661 amicis
992 1653 1001 1661 .
1129 1653 1137 1660 .
1265 1651 1273 1659 .
1370 1633 1395 1674 9

199 1690 353 1742 Vesper
375 1690 498 1742 adest,
523 1691 699 1742 iuvenes,
723 1691 978 1744 consurgite:
1004 1690 1159 1742 Vesper

289 1758 475 1812 Olympo
583 1789 591 1798 .
718 1789 726 1798 .
855 1789 864 1798 .
991 1790 1000 1798 .
1127 1789 1136 1798 .
1263 1789 1272 1797 .
1341 1756 1395 1809 56

200 1827 411 1878 Vivamus,
436 1842 525 1866 mea
548 1826 707 1878 Lesbia,
731 1837 852 1880 atque
874 1841 1072 1878 amemus,
1127 1857 1136 1866 .
1264 1858 1272 1866 .
1369 1825 1393 1865 6

200 1896 386 1950 Zmyrna
396 1897 474 1935 mei
486 1895 646 1936 Cinnae
656 1910 807 1935 nonam
819 1907 905 1948 post
916 1896 1089 1949 denique
1105 1910 1275 1935 messem
1315 1908 1329 1934 1
1339 1894 1394 1935 08
